2948 4898
486 1225 913 1301 EPlSTOLA
1257 1239 1328 1313 131

670 1378 724 1440 AI)

140 1506 644 1600 nnnnersevno
685 1505 1257 1628 selmznenvoro.

281 1837 1114 1938 FranciscoSpitnnero,

524 1979 604 2038 viro
631 1977 879 2038 celeberrimo

657 2096 687 2150 S.
706 2093 739 2149 l).

404 2202 678 2263 Golofredus
717 2200 999 2264 Hermennus.

142 2594 270 2728 Quum
296 2657 348 2706 mc
373 2656 478 2731 nuper
491 2635 626 2727 viseres,
653 2632 844 2733 Spitnnere‚
870 2636 921 2705 vir
934 2632 1127 2726 clarissime,
1153 2659 1258 2732 quae-

140 2736 237 2807 rebas
263 2735 340 2834 quid
364 2736 518 2808 sentirem
544 2736 585 2808 ele
611 2737 839 2810 dissertatione
864 2735 942 2828 illa,
975 2759 1041 2832 qua
1066 2735 1107 2810 le
1133 2736 1258 2810 duabus

141 2834 294 2911 Graecae
327 2837 457 2934 linguae
483 2839 777 2936 praepositionibus
804 2835 880 2913 ἀνὰ
907 2844 942 2909 et
965 2835 1063 2912 κατὰ
1089 2838 1259 2936 explicas-

140 2963 206 3014 ses.
263 2938 342 3014 Non
373 2940 530 3013 habebam
555 2949 645 3034 tum,
680 2941 767 3038 quod
799 2939 1049 3037 responderem,
1081 2941 1146 3013 nisi
1176 2940 1260 3015 illud

139 3043 310 3137 universe,
344 3042 438 3117 valde
471 3068 544 3116 eam
578 3044 657 3118 milri
687 3042 864 3142 placuisse.
924 3038 996 3116 sol
1020 3042 1177 3142 promisi,
1201 3043 1259 3116 ubi

140 3144 247 3220 denuo
271 3146 443 3243 legissem,
476 3147 663 3220 accuratius
688 3171 794 3220 meam
827 3145 1020 3218 sententiam
1053 3146 1096 3218 ad
1120 3154 1154 3220 te
1177 3171 1260 3249 per·

140 3248 299 3322 scribere.
350 3247 411 3342 Id,
447 3249 549 3323 otium
580 3257 720 3344 nactus,
753 3250 868 3322 cadem
893 3272 958 3347 qua
982 3253 1020 3322 tu
1043 3248 1156 3346 lingna
1179 3274 1260 3325 usus

141 3374 198 3442 es,
231 3358 266 3423 et
290 3351 421 3449 publice
444 3352 628 3425 faciendum
655 3352 747 3425 luxi.
798 3350 886 3425 Nam
911 3375 1009 3448 quum
1038 3351 1074 3422 in
1098 3349 1163 3425 line
1188 3353 1260 3425 dis-

51 3488 69 3506 ν
140 3453 327 3525 certationis
373 3454 461 3527 illins
509 3480 602 3553 spem
650 3455 780 3552 quidem
824 3454 944 3527 feceris
991 3453 1102 3550 magni
1150 3455 1259 3554 operis

141 3555 463 3654 praepositionesque
487 3582 599 3630 omnes
623 3557 885 3656 complectentis,
912 3555 999 3652 quod
1023 3555 1172 3654 profecto
1197 3580 1261 3629 ne·

140 3681 196 3730 mo
220 3683 287 3731 non
312 3659 424 3757 cupiat
448 3682 470 3732 a
494 3668 528 3733 te
552 3659 681 3758 perfici,
708 3685 780 3733 earn
805 3684 896 3757 spem
908 3665 1017 3731 autem
1036 3681 1149 3747 rursum
1174 3682 1260 3758 pene

140 3759 190 3832 ita
212 3760 385 3855 ademeris,
419 3770 456 3836 ut
480 3762 561 3836 illud
585 3763 752 3860 negotium
784 3761 863 3834 aliis
890 3760 1030 3833 videaris
1054 3759 1259 3858 relinqueret

141 3861 193 3935 sic
225 3863 427 3957 existimavi,
461 3865 492 3938 si
526 3865 603 3963 quid
636 3890 658 3938 a
690 3890 743 3940 me
774 3863 965 3954 afferretur,
1000 3861 1087 3960 quod
1118 3864 1260 3964 aliquam

142 3972 236 4038 esset
254 3966 428 4039 utilitatem
453 3968 650 4062 habiturum,
676 3969 713 4040 id
736 3967 780 4041 ad
805 3990 880 4038 eum
904 3964 1082 4062 pertinere,
1108 3968 1261 4066 quicum-

142 4091 206 4165 que
230 4067 319 4141 illius
343 4070 498 4144 materiae
523 4072 753 4147 mactationem
777 4067 971 4166 susciperet.

230 4329 258 4408 ⁸⁸)
279 4326 365 4388 Edita
387 4336 431 4388 est
451 4331 480 4388 in
494 4329 587 4390 lahuii
600 4331 755 4392 Annalibus
775 4333 923 4416 Supplem.
944 4333 1000 4398 vol.
1014 4333 1036 4398 l.
1059 4338 1141 4410 parte
1160 4332 1258 4410 prima.
