2948 4898
351 311 959 414 nm‘rronunrcornuonrs
1098 335 1103 339 ’
1154 348 1221 467 pao

107 508 308 586 confidenter
331 510 477 583 ridemur
511 511 546 585 in
570 510 633 583 hae
658 535 775 608 parum
809 509 971 584 eonoinna
1004 510 1152 585 oratione
1179 535 1222 585 ox
1261 549 1264 555 ·

36 630 41 637 “
108 613 298 688 oonieotura
322 638 481 711 reponere
504 637 603 712 posse
624 610 797 696 Ἑλλάδος
830 618 975 712 αἰχμῆς.
1034 613 1121 688 Vide
1146 611 1223 690 Eu·

107 718 172 815 rip.
200 714 315 790 Orest.
346 717 457 791 1485.
1232 763 1234 768 ,

211 817 257 891 V.
286 821 373 893 307.

264 960 347 1030 αἰαῖ
371 951 537 1084 στινάζῳ
563 953 630 1029 καὶ
654 954 723 1030 σδν
749 955 934 1084 εὔγλαμον
959 951 1080 1040 θάλος

145 1120 147 1123 .
263 1055 294 1132 ὦ
322 1055 474 1158 σκάμνε,
501 1057 664 1158 τερπνὸν
691 1054 905 1188 άγιιάλισμα
932 1054 1146 1161 συγγόνων,

263 1161 334 1245 ὄπ’
464 1203 515 1216 -
643 1204 693 1214 —
822 1204 874 1215 -
1003 1203 1055 1215 —

265 1308 316 1318 —
419 1308 470 1320 -
495 1260 646 1364 τάμβον
672 1259 838 1362 αἱμάξεις
863 1258 1015 1364 πατρός.

100 1404 206 1488 Ὅςιι
232 1427 412 1501 pronomen
436 1426 501 1475 non
527 1401 623 1475 ιιιοδο
648 1409 779 1500 praeter
811 1402 1059 1495 nenessitatem,
1092 1401 1151 1474 sed
1182 1424 1229 1474 no·

109 1514 199 1580 reete
226 1504 355 1604 quidem
379 1506 534 1604 positum.
594 1505 683 1579 Hino
716 1504 866 1578 uidentur
897 1505 1010 1597 nobis,
1043 1511 1080 1576 ut
1112 1526 1231 1604 saepo,¹

110 1606 192 1683 duae
217 1610 411 1707 scripturae,
439 1609 480 1693 ὃς
506 1616 539 1681 et
564 1607 630 1701 δι’,
656 1609 680 1681 i.
708 1633 740 1680 e.
767 1608 840 1702 ὅτι,
868 1632 940 1682 esse
965 1608 1171 1683 ooniunotae.

210 1711 257 1786 V.
286 1716 373 1785 331.
401 1712 442 1784 de
468 1711 607 1785 Hecuba
631 1710 769 1784 dieiture

147 1971 150 1978 '
263 1847 457 2084 6666666
462 1947 668 2084 Aot6yxcmt
694 1947 951 2051 δημόλευστον
977 1949 1107 2049 ωλένῃ,

265 2054 524 2156 ιἰιεςβόλοις’
500 2061 655 2187 αοαῖσιν
679 2057 935 2157 ἠρεθισμένην
1225 2052 1231 2078 '

264 2157 401 2260 κρύψει
425 2155 541 2245 κστάς
565 2189 622 2243 τις
643 2158 848 2261 χερμάδων
872 2154 1070 2259 ἐπομβριᾳ.

114 2295 239 2371 Omnes
263 2297 338 2369 libri
362 2295 495 2370 habent
512 2297 777 2398 ἠρεθισμένην.
835 2296 1066 2370 Baohmannus
1098 2320 1226 2369 versum

113 2401 162 2474 sio
188 2401 349 2498 explieat:
377 2399 473 2472 diris
498 2411 540 2471 et
562 2401 741 2472 coom'oa’a‘s
767 2423 876 2498 quom
872 2399 1124 2495 ferentem
1145 2399 1225 2494 fu-

112 2501 235 2583 rentis
275 2501 403 2575 ιἰιιλσιι·
435 2501 543 2574 δι’ναι
568 2515 610 2575 et
643 2503 815 2576 convicio
847 2501 1127 2602 effundentem
1166 2502 1225 2575 sed
1350 2571 1357 2579 ,

112 2607 234 2679 fatetur
259 2610 388 2701 tamen',
425 2605 561 2680 Ganteri
590 2607 811 2680 coniecturam
852 2605 1102 2704 ἠοεθισμένῃ,
1138 2603 1225 2702 quod

113 2709 155 2781 a6
181 2709 298 2806 ὠλένῃ
323 2711 497 2808 pertineat,
523 2710 624 2783 multo
650 2711 829 2784 faciliorem
862 2708 1061 2806 explicatum
1092 2708 1225 2780 habere.

112 2809 199 2884 Eam
225 2814 446 2886 oonieotnram
471 2837 532 2885 nos
557 2813 686 2910 quidem
711 2837 777 2886 non
802 2810 1039 2883 dubitassemus
1064 2810 1224 2907 recipere,

113 2914 270 3012 siquidem
308 2916 436 2988 fabulae
473 2939 540 2988 non
569 2915 684 2987 'minus
731 2939 827 3012 qnam
872 2913 1012 2987 orationi
1034 2919 1225 2986 *consenta-

112 3041 175 3090 nea
200 3026 262 3091 est.

214 3119 261 3193 V.
289 3118 376 3194 357.
402 3119 482 3193 dicit
507 3118 709 3193 Cassandra.

266 3266 382 3357 τῆμος
407 3256 542 3357 βιαίως
568 3254 698 3358 φάσσα
723 3255 817 3357 πρὸς
840 3252 980 3387 τόρνου
1007 3257 1108 3354 λέχος

265 3368 479 3465 γαμφαῖσιν
505 3362 624 3461 ἅρπης
650 3360 755 3446 οἰνάς
781 3357 1070 3459 ἑλκασθήσομαι.

114 3495 160 3568 Hi
184 3522 298 3570 versus
324 3499 459 3571 multum
484 3498 651 3572 molestiae
678 3505 830 3571 crearunt
844 3498 1085 3595 interpretibus.
1110 3494 1226 3570 Baeh-

115 3624 250 3673 mannus
277 3626 435 3674 excusare
461 3602 570 3675 studet
594 3601 797 3674 iterationem
824 3599 968 3672 eiusdem
1002 3599 1223 3697 metaphorae,
1319 3613 1323 3620 '

115 3699 245 3799 φάσσα
271 3711 305 3776 ολ
330 3700 447 3786 οἰνάς.
498 3701 677 3776 Verum
647 3729 704 3776 mx
729 3703 960 3800 credipotest,
986 3702 1033 3774 ita
1056 3702 1225 3798 loquutum

115 3829 188 3877 esse
219 3804 481 3904 Lycophronem.
533 3803 614 3879 Par.
640 3803 686 3878 A.
713 3805 809 3878 habet
833 3809 1041 3934 μναφαῖσιν
1074 3803 1223 3903 άριιαις,

10 3979 16 3990 ,
115 3907 202 4003 quod
228 3909 418 3982 soholiastes
443 3916 534 3982 reete
559 3933 619 4006 per
644 3907 863 4004 ἐπικαμπέσι
888 3902 1091 4037 δρεμάναις
1117 3907 1224 3979 inter-

114 4016 280 4106 pretaturz
308 4011 451 4085 aduncos
477 4036 600 4108 migres
633 4010 794 4106 inteiligit.
853 4007 959 4083 Et‘
935 4038 1070 4110 αρπαις
1102 4009 1225 4083 oaeteri

116 4135 245 4208 quoque
271 4112 402 4185 oodioes
426 4114 496 4186 fere
521 4138 632 4187 omnes
657 4114 787 4186 habent.
840 4112 990 4206 Quod
963 4137 992 4185 ιι
1016 4119 1224 4216 γναφαῖσιν

116 4213 253 4311 ἅρπαις
276 4215 464 4313 recipimus,
488 4216 753 4314 meminimusque
780 4215 885 4300 οἰνάς
910 4216 1007 4288 etiam
1031 4217 1117 4302 idem
1138 4215 1225 4314 qnod
1311 4266 1323 4297 .

114 4317 254 4414 μαινὰς
280 4343 352 4392 esso
376 4342 485 4416 posse,
511 4319 583 4393 ut
572 4344 606 4392 nn
633 4318 778 4419 Oppiani
799 4318 923 4420 Gynog.
948 4317 1012 4395 IV.
1025 4318 1114 4396 235.
1140 4340 1223 4416 queo
1295 4321 1297 4325 ’
1435 4295 1438 4303 “
