2948 4898
410 455 414 462 ¹
545 363 903 449 uunocnuunn'n.
1215 380 1293 449 ιιι
1334 331 1337 338 ¹

162 560 275 610 uersus
301 559 377 610 cum
410 560 507 609 uersu
539 536 603 611 25.
636 538 818 613 rectissime
824 592 838 632 ,
870 539 966 613 modo
1000 541 1188 616 emendetur
1223 545 1278 642 qui

161 647 274 738 aperte
298 640 435 713 vitiosus
461 647 568 714 estu.
595 645 658 714 26.
716 641 757 714 Id
781 643 989 716 intellexerat
1015 641 1192 740 Graelius,
1219 647 1277 721 scd

160 766 227 816 nun
251 741 392 816 feliciter
417 741 448 814 ci
474 744 574 816 cessit
599 745 793 818 emendatio.
846 745 943 838 Quod
967 746 1099 843 legitur5

241 960 242 964 ,
315 875 521 978 ὄμνάσθην
545 880 604 956 ὅτι
628 882 786 982 πέρυσιν
809 877 916 979 ἦσθα
931 879 1124 982 νεώτερος,

160 1017 196 1090 in
220 1041 261 1090 ec
287 1041 385 1114 quum
418 1042 481 1091 nec
506 1019 707 1117 πέρρυσιν,
734 1043 796 1092 nec
822 1020 1023 1115 πέρυσσιν,
1057 1043 1120 1095 nec
1144 1021 1277 1118 ns'cvo'

160 1119 319 1193 eiusmodi
351 1121 413 1213 sit,
448 1129 486 1195 ut
518 1122 640 1219 aliquid
671 1121 787 1195 luorum
818 1122 950 1221 probari
988 1147 1086 1222 pesse
1117 1124 1278 1217 uideatur,

159 1246 227 1296 nun
251 1223 355 1320 magis
380 1230 489 1296 autem
514 1223 676 1298 Doricum
700 1225 862 1322 πέρυτις,
888 1234 1174 1300 commemoratum
1195 1224 1277 1299 illud

160 1349 182 1397 a
206 1327 464 1423 grammaticis
453 1351 487 1398 ιι
513 1327 658 1400 Bekkeri
682 1328 791 1401 indice
823 1325 1128 1403 Anecdotcrumu.
1154 1328 1276 1428 ἄμφι-

159 1428 325 1526 κειεμιὶς
359 1437 392 1502 et
425 1426 563 1522 αὖθιι,
604 1431 731 1503 admitti
761 1432 888 1529 possut,
929 1441 1103 1506 succurrat
1135 1432 1275 1505 fortasse

158 1529 356 1628 Hesychius,
382 1533 470 1652 apud
495 1558 591 1630 quem
615 1534 778 1606 inuenitur
802 1533 1001 1629 περσινὸι,
1030 1537 1175 1633 ἔφηβοι
1206 1533 1276 1610 τὸν

159 1637 198 1720 ἐξ
222 1630 390 1735 ἐφήβων,
416 1636 471 1708 cui
495 1636 619 1709 formae
645 1636 880 1734 quodammodo
905 1635 1002 1710 fidem
1027 1638 1110 1712 facit
1134 1635 1273 1711 Eretia·
1360 1629 1364 1637 ’

158 1760 281 1836 nusp.
309 1737 398 1810 544.
424 1737 507 1812 haec
531 1739 673 1812 habens.
700 1737 877 1838 περσύας,
903 1739 924 1814 ὃ
948 1740 1146 1839 περυσινὸς
1160 1740 1273 1828 οἶνος,

159 1840 242 1918 οονῖ
196 1840 444 1940 ονπερυσίας
469 1871 526 1927 τις
545 1843 611 1919 ιιι.
664 1842 758 1935 Quas
782 1843 914 1943 repetiit
937 1841 1132 1917 Fauorinus.
1184 1843 1274 1918 lliuc

158 1944 238 2019 lieet
262 1945 439 2021 coniicerc.

312 2083 389 2159 ἀλλ
417 2080 530 2179 ἀπρὶξ
556 2078 688 2156 anatot
715 2077 924 2213 στύματός
931 2107 970 2158 σε
995 2080 1221 2212 πεδίρχομαι

313 2181 549 2285 μιάσθηι,
536 2182 616 2259 όττι
640 2213 679 2258 τε
704 2185 878 2284 περσιιὸς
902 2181 1008 2282 ησθα
1033 2181 1225 2316 νεώτερος,

308 2290 404 2386 χῶτι
429 2286 602 2392 γηραιέοι
627 2287 781 2387 nitense
805 2288 897 2388 πρὶν
922 2285 1183 2365 ἀποπτύσαι.
1265 2370 1268 2375 ,

157 2425 236 2498 Par
261 2434 299 2498 le
325 2436 499 2498 tenerum
524 2446 567 2495 us
592 2434 713 2518 tuem,
738 2425 855 2525 inquit,
882 2423 1050 2498 obtestor
1073 2436 1122 2500 ut
1139 2426 1272 2499 memi-

158 2528 262 2602 neris
288 2539 326 2602 te
351 2526 611 2628 atrapatinse
638 2550 740 2599 annu
766 2527 957 2602 declarem
971 2528 1118 2624 facire,
1142 2528 1271 2602 etce'tc

157 2631 327 2704 humilies
352 2655 557 2704 senescere.
611 2627 812 2726 Μιᾶσθηι
834 2629 1181 2706 Aeclicnsinfiuitiuus
1207 2641 1270 2725 eut,

158 2745 197 2856 ut
158 2733 426 2911 13111μεθιισθηι
451 2735 538 2832 apud
561 2731 735 2807 Alcaeum.
782 2732 870 2805 Illud
894 2733 1068 2832 περσιιός
1090 2734 1203 2808 licebit
1217 2743 1271 2807 et·

158 2839 315 2912 ramsic
352 2836 580 2934 interpretari,
627 2845 665 2909 ut
703 2836 765 2927 sit,
814 2861 854 2908 ec
888 2861 983 2934 quem
1030 2861 1074 2908 ex
1103 2834 1268 2933 Hesychia

156 2942 332 3014 memoravi
356 2938 541 3058 significatu
566 2938 701 3030 dictum,
727 2939 784 3035 qui
808 2938 904 3012 mode
929 2963 973 3012 eu
997 2938 1130 3036 ephebis
1154 2963 1269 3036 egres·

157 3067 214 3117 sus
240 3053 302 3117 est.
353 3042 415 3117 Sic
440 3043 538 3116 etiam
561 3039 684 3114 Pollux
708 3038 759 3114 Π.
785 3045 823 3114 9.
848 3039 1064 3141 reaccendat,
1088 3040 1159 3118 τὸν
1184 3041 1271 3139 ἄρτι

158 3147 313 3245 ἔφηβον.
372 3145 448 3218 Nisi
472 3144 605 3242 scripsit
641 3153 761 3243 pecta,
796 3142 877 3220 dccc
909 3174 949 3220 τε
974 3153 1139 3243 nepotari
1164 3139 1271 3239 ἦσθα

156 3246 352 3348 νεώτερος,
392 3245 493 3346 qaod
530 3270 684 3342 egresso
707 3261 773 3319 'aa
812 3245 962 3348 ephebia
992 3246 1125 3322 ιἰιιιίοι
1146 3246 1276 3344 fcisti

155 3352 323 3427 nundum
348 3373 531 3446 egressas.
1277 3384 1281 3391 ·
