2948 4898
362 345 626 412 rnoaoArr
655 312 716 409 ar
750 343 1103 411 rrroaAnArm.
1212 345 1277 413 soa

159 503 398 605 ὑποβλήδην,
439 505 667 605 ὑποβάλλοιν
706 508 775 584 τὸν
816 504 930 607 λόγον
963 507 1055 603 πρὶν
1092 517 1277 604 σιωπῆσαι

97 606 102 616 ”
157 611 228 687 τὸν
254 612 418 713 λέγοντα.
470 609 547 684 Non
579 637 662 707 nego
692 613 741 683 ita
773 613 918 708 potuisse
945 611 1010 684 dici
1034 612 1098 684 hoo
1122 612 1275 685 uerbumz
1378 674 1379 679 ,

158 714 259 787 veluti
293 716 322 786 si
355 714 447 810 quis,
482 711 568 810 quod
594 714 680 810 apud
713 711 965 810 Aristophanem
997 714 1032 784 in
1064 714 1168 786 Ranis
1195 739 1216 786 a
1240 738 1274 786 r.

161 806 273 891 1208.
299 817 451 890 recitanti
475 813 628 913 Euripidi
653 817 751 889 toties
778 817 910 889 subiicit
934 814 1131 911 Aeschylus,
1267 827 1269 835 ⁴

706 964 890 1064 ληκύθιον
917 965 1118 1054 άπάλεοεν,

86 1099 89 1105 ”
157 1120 192 1195 id
216 1117 436 1219 ὑποβλήδην
462 1119 579 1193 subiici
605 1120 741 1193 diceret.
793 1119 842 1193 At
867 1121 1045 1193 hauserunt
1071 1121 1275 1216 grammatici

156 1225 439 1321 interpretationes
466 1247 542 1295 suas
569 1248 612 1295 ex
636 1223 795 1316 Homero,
830 1224 916 1320 apud
950 1248 1045 1326 quem
1079 1221 1166 1321 quod
1189 1222 1280 1318 legi.

157 1335 211 1401 tur
234 1326 331 1400 lliad.
356 1325 387 1399 Ι.
415 1329 504 1398 292.

259 1479 327 1556 τὸν
354 1476 394 1552 δ’
423 1477 482 1577 ἄρ’
508 1463 731 1576 ὑποβλήδην
763 1475 936 1577 ἠμείβετο
963 1477 1044 1563 δῖος
1066 1451 1272 1574 3Ᾰχιλλεάς,

156 1631 192 1706 id
222 1630 386 1730 plerisque
418 1630 523 1704 uisum
558 1640 608 1703 est
652 1631 693 1703 de
726 1630 933 1728 interpellata
964 1631 1110 1704 oratione
1137 1632 1273 1727 dictum,

158 1735 230 1809 aliis
255 1732 363 1808 tamen
388 1734 483 1807 aliter
509 1733 740 1806 sentientibus:
767 1735 852 1805 unde
873 1733 1057 1830 Hesychius
1073 1734 1181 1809 addit:
1209 1738 1274 1811 ἁλι

117 1836 119 1841 ’
158 1847 228 1933 λοι,
254 1834 551 1937 ὑπολαμβάνων.
602 1834 652 1910 At
676 1844 791 1910 neutm
816 1837 912 1910 modo
938 1836 1020 1910 illud
1039 1838 1184 1925 ‚uerbum
1217 1847 1302 1935 aut,

156 1941 319 2016 Homeros
346 1951 403 2014 ant
427 1938 622 2037 Apollonius
648 1940 825 2036 usurparit.
885 1937 933 2013 Et
958 1940 1012 2013 hio
1037 1941 1167 2037 quidem
1191 1967 1274 2040 pro·

93 2110 96 2114 .
156 2053 272 2144 pterea
294 2045 509 2142 reprehensus
536 2051 587 2117 est
612 2068 633 2115 a
657 2043 833 2117 scholiasta
859 2043 900 2114 ad
925 2042 992 2115 111.
1017 2047 1106 2117 loo.
1142 2046 1198 2142 qui
1223 2046 1273 2120 sic

158 2148 316 2245 scripsite,
344 2156 468 2231 κακῶς
508 2146 551 2222 τὸ
586 2143 817 2244 ὑποβλήδην.
858 2152 976 2221 κεῖται
1017 2145 1094 2248 γὰρ,
1127 2146 1219 2245 πρὶν
1249 2148 1275 2244 ἢ
1418 2225 1424 2234 ,

101 2280 105 2287 ·
157 2255 360 2346 καταλῆξαι
385 2250 454 2325 τὸν
480 2249 606 2347 ἕτερον
638 2251 805 2352 λέγοντα.
872 2247 969 2322 Alius
996 2257 1104 2322 autem
1129 2251 1275 2324 scholia-

158 2360 226 2427 stes
251 2353 294 2425 ad
318 2352 360 2426 Ι.
377 2358 465 2426 699.
492 2353 604 2425 ridens
629 2378 695 2426 non
720 2352 979 2451 interpellatam,
1006 2353 1064 2426 sed
1089 2362 1275 2451 peroratam
1337 2381 1340 2388 ’

159 2481 231 2529 esse
256 2458 413 2549 mulieris,
441 2481 523 2552 quae
548 2456 751 2554 loquebatur,
779 2457 978 2550 orationem,
1013 2456 1056 2527 ad
1088 2459 1185 2531 aliam
1211 2483 1276 2532 ex·
1406 2452 1423 2467 ''

157 2559 386 2657 plicationem,
413 2560 472 2634 sed
503 2560 609 2656 ipsam
642 2584 769 2657 quoque
801 2583 938 2653 vanam,
973 2559 1130 2654 confugit.
1188 2558 1274 2633 Eius

158 2663 240 2735 haec
268 2663 365 2735 verba
390 2669 483 2736 sunt:
519 2660 738 2759 ὑποβλήδην
770 2660 908 2760 κυρίως
943 2660 1138 2756 σημαίνει,
1178 2667 1275 2738 εἰιει-

160 2764 236 2842 δάν
261 2762 432 2866 λέγοντάς
457 2793 559 2847 τινος
585 2766 706 2863 ἕτερος
731 2760 936 2862 περικόψας
957 2762 1026 2840 τὸν
1043 2763 1184 2840 ἐκείνου
1211 2761 1275 2841 λά-

158 2894 229 2971 γον
263 2869 360 2971 λέγῃ.
395 2866 460 2942 καὶ
492 2865 720 2964 ὑποβάλλειν
761 2866 820 2941 ἐπὶ
852 2875 921 2942 τοῦ
956 2867 1085 2942 αὑτοῦ.
1121 2868 1198 2954 ἔστι
1232 2867 1272 2944 δ’

160 2970 219 3046 ὅτε
241 2970 287 3046 ,τὸ
313 2968 541 3068 ὑποβάλλειν
567 2969 739 3066 σημαίνει
764 2970 806 3045 τὸ
825 2968 1048 3045 ἐνίστασθαι
1074 2969 1138 3044 καὶ
1163 2973 1275 3047 ε’ναν-

158 3077 348 3150 τιοῦσθαι.
383 3078 554 3150 ἐνταῦθα
587 3073 629 3150 δὲ
661 3073 704 3149 τὸ
740 3070 961 3172 ὑποβλήδην
996 3071 1083 3149 άντὶ
1108 3082 1178 3150 τοῦ
1206 3071 1274 3149 λά-

157 3180 460 3276 epponecurte
484 3183 612 3254 κεῖται.
673 3175 844 3275 Nusquam
877 3173 1098 3273 ὑποβλήδην
1129 3178 1275 3251 interru-

158 3289 249 3388 ptam
275 3282 465 3374 orationem,
492 3289 860 3381 nmquamsusceptam
879 3280 1069 3378 significate,
1087 3281 1145 3355 sed
1160 3306 1275 3379 quem·
1303 3366 1333 3393 s

157 3383 330 3468 admodum
355 3380 581 3481 ὑποβάλλειν
608 3393 658 3458 est
683 3386 843 3456 subiicere
870 3385 955 3479 quod
976 3385 1165 3457 recordetur
1178 3384 1273 3475 alter,

160 3484 261 3584 coque
288 3512 362 3559 eum
387 3487 572 3580 admonere,
598 3487 862 3583 admonendoque
887 3486 1090 3558 intercedere
1123 3487 1164 3556 iis
1191 3508 1274 3582 quae

159 3587 214 3679 ille
241 3590 386 3663 dicturus
413 3590 476 3680 sit,
510 3590 560 3662 sic
595 3590 693 3660 etiam
709 3584 946 3685 ὑποβλήδην
980 3587 1019 3658 de
1056 3586 1274 3660 admonitione
1400 3598 1403 3615 ‘

159 3691 401 3788 intelligendum
435 3698 505 3783 cst,
540 3691 632 3789 quasi
659 3691 750 3762 dicas
784 3688 1020 3761 admonendo
1056 3702 1273 3772 occurrerer.

159 3791 259 3891 Apud
284 3793 464 3867 Homerum
488 3793 557 3887 illo,
585 3818 680 3892 quem
707 3794 775 3866 dixi
799 3793 887 3885 loco,
915 3793 970 3890 qni
994 3792 1111 3866 unicus
1142 3794 1179 3866 in
1204 3793 1274 3869 eius

91 3975 95 3984 ,
160 3896 356 3970 carminibus
398 3903 460 3988 est,
499 3895 714 3997 Agamemno
729 3897 980 3994 exprobraverat
1012 3893 1153 3988 Achilli,
1188 3895 1276 3993 qnod

159 4021 313 4071 mannum
337 3998 454 4072 robore
479 3999 580 4073 [retus
605 4001 727 4073 nemini
750 4024 866 4097 parere
890 3999 999 4070 vellet.
1051 3997 1103 4069 lbi
1127 3996 1276 4071 Achilles

161 4102 193 4174 ei
217 4101 393 4174 admonens
418 4101 610 4196 intercedit,
636 4103 786 4200 ignarum
811 4098 849 4174 s'e
872 4100 1055 4175 habendum
1087 4101 1218 4196 fficens,
1246 4102 1276 4175 si

159 4205 208 4275 illi
233 4205 269 4277 in
296 4205 442 4279 omnibus
468 4206 565 4278 rebus
590 4231 713 4280 morem
739 4211 886 4301 gereret3
920 4228 1008 4278 nunc
1041 4205 1275 4302 permissurum

159 4307 208 4386 illi
232 4307 428 4400 Briseidem,
455 4309 527 4402 sed,
553 4309 582 4381 si
607 4308 685 4408 quid
710 4307 799 4382 aliud
825 4314 971 4408 ereptum
997 4316 1072 4401 eat,
1103 4333 1170 4385 non
1194 4333 1276 4409 pas<
1318 4398 1321 4403 ³
1348 4395 1351 4401 .

209 4407 345 4486 Hrnm.
373 4407 443 4487 Or.
469 4408 516 4486 V.
912 4436 917 4443 ’
1018 4409 1073 4482 'U
1438 4415 1442 4425 '
