2948 4898
553 384 556 389 '
597 370 847 433 chvaala
1233 367 1275 434 lt

162 569 169 579 ‘
262 534 332 619 τίς
357 534 381 629 ἡ
406 532 603 635 τάραξις
627 541 712 633 τοῦ
736 531 869 630 βίους
894 529 932 606 τί
956 529 1139 631 βάρβιτος

263 639 393 735 μέλει
417 644 663 738 κροκωτῷς
687 634 733 712 τί
757 633 807 711 δὲ
833 631 930 734 λύρα
954 631 1198 733 κικρνφάλῳς

262 741 309 815 τί
341 738 549 835 λήκυθος
585 739 664 814 καὶ
697 735 948 839 στρόφιονς
989 737 1040 822 ὡς
1073 737 1127 813 οὐ
1152 732 1275 835 ,ξύμ-

774 868 937 940 φορον.

263 943 332 1030 τίς
358 945 437 1020 (λαὶ
462 943 732 1043 κατόπτρου
755 941 1276 1043 καὶξίφουςκοινωνίας
1389 950 1392 955 ’

263 1046 333 1132 τίς
364 1047 406 1124 δ’
443 1049 586 1133 αὐτὸς
621 1044 652 1124 ὦ
687 1052 790 1137 παῖς
830 1044 1034 1147 πότερον
1067 1045 1126 1130 ὥς
1158 1046 1276 1145 ἀνὴρ

618 1171 625 1183 ’
772 1151 957 1251 τρέφοις

263 1253 341 1328 καὶ
365 1259 455 1330 ποῦ
479 1255 582 1344 πέος;
615 1259 690 1330 ποῦ
710 1261 871 1349 χλαῖνας
895 1261 970 1329 ποῦ
994 1250 1236 1343 Λακωνικαίς

264 1357 341 1432 ἀλλ’
368 1355 420 1442 ὥς
444 1357 542 1460 γυνὴ
567 1356 669 1453 ιλῆτ’ς
694 1357 775 1432 εἶτα
798 1366 873 1433 τιοῦ
898 1356 947 1432 τοὶ
971 1354 1102 1432 τιτθία
1109 1382 1123 1445 ς

162 1492 203 1566 In
234 1489 286 1567 his
316 1492 423 1567 verbis
455 1493 550 1567 valde
582 1495 681 1569 tersit
712 1493 929 1569 Welckernm
953 1492 1080 1592 speculi
1111 1500 1147 1566 et
1176 1488 1278 1590 gladii

162 1595 294 1690 mentio,
319 1620 404 1694 qnae
426 1595 642 1672 instrumenta
665 1622 732 1672 nen
756 1597 896 1671 habebat
921 1599 1037 1698 quibus
1068 1593 1275 1688 testimoniis,

161 1721 243 1799 qnae
266 1699 387 1774 idonea
410 1707 533 1793 essent,
558 1701 602 1774 arf
624 1700 752 1774 Bacchi
777 1708 927 1776 ematnm
959 1698 1110 1773 referret.
1165 1695 1278 1771 llhni·

160 1825 233 1877 rnm
256 1801 329 1902 ipse
353 1801 451 1879 finxit
472 1799 630 1902 Aeschyli
653 1803 754 1878 rerba
785 1829 895 1897 esse,·
915 1828 999 1904 qnae
1032 1808 1110 1875 eunt
1140 1798 1277 1875 Ariste·

159 1905 290 2004 phanis,
315 1907 468 2005 qnoniam
491 1906 685 2006 κροκωτὸν
716 1905 847 1981 ridebat
877 1906 1013 1982 Baccho
1046 1901 1277 1998 convenire*).

102 2032 106 2040 ¹
160 2005 350 2107 nequies,
378 2008 435 2109 qni
456 2008 647 2110 incorrupte
671 2009 795 2086 indicio
818 2010 966 2104 fruatur,
993 2009 1102 2083 rideat
1133 2012 1276 2107 opertet,

54 2119 58 2126 ’
132 2107 239 2204 illa,
263 2110 322 2194 τίς
346 2111 370 2206 ἡ
394 2108 548 2207 τάραξις
572 2122 642 2188 τοῦ
666 2111 777 2213 βίον,
811 2137 958 2211 quaeque
989 2112 1117 2211 reliqna
1146 2109 1277 2184 adden·
1412 2176 1415 2183 .

161 2221 229 2307 tnr,
254 2212 336 2286 nihil
360 2211 404 2285 ad
427 2211 612 2308 Bacchum,
636 2215 697 2287 serf
712 2215 754 2287 ad
771 2216 876 2288 solnm
890 2215 1098 2312 Agathonem
1112 2219 1278 2311 spectare,

160 2339 259 2414 quem
280 2313 437 2388 irridendi
463 2338 581 2390 caussa
605 2315 654 2390 sie
679 2323 874 2390 exornatum
897 2318 1053 2415 produxit
1077 2313 1279 2415 Aristopha-

160 2442 232 2492 nes.
282 2415 505 2490 Scholiastam
529 2417 732 2512 siandimns,
757 2418 838 2490 nihil
851 2419 917 2491 nisi
940 2417 1110 2501 ποδαπὸς
1136 2417 1155 2492 ὅ
1182 2411 1279 2520 γύν-

161 2548 220 2605 νις
232 2517 390 2618 Aeschyli
405 2544 478 2594 esse
491 2527 583 2594 certe
605 2521 685 2595 sciri
706 2522 891 2596 fatebimur.
946 2521 1010 2599 sic
1032 2521 1120 2595 enim
1143 2517 1276 2593 scribite

96 2713 104 2733 ο
165 2624 257 2724 λέγει
288 2620 332 2698 δὲ
365 2627 407 2699 ἐν
439 2629 518 2708 τοῖς
545 2624 727 2709 Ἠδωνοῖς
766 2624 860 2723 πρὸς
899 2624 970 2701 τὸν
1010 2623 1325 2723 συλληφθέντα13

166 2722 365 2814 Διόνυσον,
390 2725 562 2810 ποδαπὸς
587 2726 607 2802 ὅ
634 2725 776 2830 γύννις.
837 2725 914 2801 Non
937 2727 1129 2824 refragabat
1153 2733 1275 2817 tamen,

164 2844 206 2903 ae
229 2827 338 2927 potins
362 2829 433 2902 veri
457 2829 563 2902 simile
588 2830 687 2925 duco,
712 2854 813 2929 quum
838 2829 1034 2904 scholiastae
1057 2853 1156 2927 saepe
1180 2827 1280 2901 mede

163 2931 257 3007 initia
280 2954 433 3006 sensnm
455 2938 600 3032 ponant,
626 2941 735 3008 tntum
758 2933 846 3009 hunc
870 2956 1000 3006 versum
1012 2928 1170 3027 Aeschyli
1184 2952 1278 3003 essee

265 3066 437 3154 ποδαπὸς
462 3069 482 3146 ὃ
507 3064 659 3174 γύννιςς
685 3067 742 3156 τίς
766 3066 913 3172 πάτρας
937 3067 994 3154 τίς
1018 3068 1042 3164 ἡ
1069 3064 1180 3166 στολή
1187 3098 1200 3158 ς
1278 3159 1282 3167 .

263 3204 367 3279 ιιιιιίο
398 3207 477 3281 e‘rte
510 3201 676 3286 ametor?
710 3206 851 3308 patric
884 3201 1010 3306 qnae?
1051 3230 1149 3306 quae
1181 3205 1278 3279 Ιιοοο

705 3327 707 3332 “
773 3309 888 3386 vestis
914 3305 999 3386 est?

163 3443 274 3545 Atque
305 3446 371 3522 hcc
402 3457 551 3524 suaserat
582 3444 772 3548 Biittigerns
804 3447 841 3523 in
871 3449 983 3524 Mnsei
1016 3446 1121 3524 Attici
1154 3444 1276 3522 vahl.

163 3547 249 3670 laec·
271 3545 323 3626 Π.
345 3572 382 3650 ρ.
410 3551 498 3627 358.

162 3780 443 3793 m

248 3930 279 4009 a)
293 3928 350 3990 Pro
372 3936 450 3989 certo
471 3929 527 3990 hoe
545 3932 664 4011 arripnit
676 3922 718 3996 Ὀ,
732 3933 771 3996 Ο.
793 3931 928 3992 Mirllerns
948 3929 979 3987 in
1000 3924 1117 3990 Notitiie
1127 3927 1183 3993 litt.
1205 3929 1279 3988 Get·

164 4014 236 4093 61¹8.
259 4034 287 4080 a.
310 4016 405 4081 1832.
425 4036 464 4080 ω.
486 4016 573 4082 Febr.
595 4036 625 4076 n.
648 4017 698 4082 19.
711 4027 750 4098 ρ.
774 4015 847 4081 184.
875 4009 976 4075 Κοινὰ
996 4007 1055 4096 γὰρ
1077 4008 1201 4075 τάτῶν
1222 4010 1277 4095 φί-

165 4099 237 4177 λιον,
260 4099 395 4180 qnodque
416 4121 488 4160 unns
509 4102 688 4180 excogitavit,
710 4101 829 4162 eredunt
854 4100 978 4167 sodales.
1026 4102 1072 4160 lta
1092 4117 1185 4159 novae
1205 4098 1279 4157 anti·

164 4185 287 4261 quitates
307 4187 511 4266 procuduntnt.
557 4189 636 4256 Quin
655 4187 734 4247 istius
754 4185 903 4265 Aeschylei
923 4192 955 4245 nt
978 4185 1077 4246 volunt
1087 4184 1213 4265 Lycurgi
1234 4190 1279 4242 et·

43 4277 45 4281 ’
111 4303 113 4309 ,
163 4270 222 4329 iem
248 4271 415 4332 affinitatem
441 4274 594 4351 quamdam
621 4291 685 4333 cnm
705 4272 814 4346 Demo,
843 4274 930 4352 qnem
956 4271 1157 4332 diversissimos
1184 4286 1276 4328 meres

165 4364 425 4436 repraesentantem
446 4359 608 4420 Parrhasius
630 4360 730 4439 pinxit,
751 4359 865 4420 Miillaei
886 4359 993 4419 invenit
1014 4356 1159 4419 divinatio.
