2948 4898
484 1267 518 1343 E
542 1269 581 1344 X
606 1266 636 1343 G
660 1266 695 1342 ll
719 1268 754 1343 R
778 1266 809 1342 P
835 1266 871 1343 Τ
895 1266 930 1341 Α

239 1439 294 1504 lili
314 1440 499 1508 cadalao
514 1440 636 1507 HENR„
656 1440 787 1506 RASPII
809 1437 1178 1504 conmffldrndloms

386 1767 428 1855 Ε
465 1767 510 1855 V
544 1768 583 1855 P
623 1763 664 1853 Ο
702 1767 747 1854 L
784 1765 809 1852 Ι
844 1765 892 1852 D
932 1765 957 1852 I
997 1765 1025 1851 S

154 1935 545 2054 aanor}
591 1954 678 2043 Ao
733 1935 1268 2073 mesonma).

156 2385 210 2496 In
234 2418 408 2521 Eupolidis
441 2419 584 2521 Δήμων
615 2424 798 2521 fragmento
830 2424 928 2499 tertio
962 2431 1054 2523 patet
1093 2447 1198 2522 neque
1213 2484 1214 2491 ,
1228 2425 1270 2496 alo

156 2526 416 2623 interpunctione
440 2544 545 2627 neque
572 2552 594 2600 a
624 2551 763 2601 caesura
795 2526 1039 2610 excusationem
1070 2528 1141 2623 peti
1173 2549 1271 2624 porse

156 2629 259 2709 hiatni
282 2630 317 2701 in
341 2629 411 2724 his,
673 2650 679 2660 ·

260 2762 371 2857 ὁπότε
403 2767 600 2867 παρέλθοι,
626 2765 745 2867 ὥςπερ
771 2763 928 2870 δι’γαθοὶ
953 2764 1131 2864 δρομῆς.

158 2903 218 2978 aed
242 2900 449 2977 inserendum
474 2929 547 2977 esse
573 2903 626 2994 δ’,

259 3005 301 3079 In
325 3015 421 3080 sexto
454 3008 634 3104 fragmento
665 3013 757 3079 recte
790 3005 919 3105 quidem
950 3003 1095 3101 Raapioa
1121 3001 1271 3079 Valcke-

157 3110 244 3182 nam'i
275 3111 531 3185 emendationem
563 3110 701 3208 probat,
735 3109 863 3211 κριοὺς
890 3108 944 3207 ἔμ’
978 3111 1177 3210 ἐκγεννᾶν,
1212 3107 1289 3182 aed-

157 3211 273 3286 afferre
299 3213 436 3288 debebat
459 3214 678 3313 proverbium,
704 3239 768 3312 quo
781 3238 821 3287 ea
836 3211 1017 3286 emendatio
1031 3211 1158 3305 nititur,
1185 3212 1271 3309 quod
1368 3215 1370 3218 ’

158 3315 237 3389 lecit
262 3315 390 3388 demum
414 3342 449 3414 p.
476 3321 539 3392 77.
565 3318 599 3388 in
625 3316 832 3391 adnotatione
857 3319 921 3389 ll.
1215 3378 1217 3385 4

260 3415 316 3490 Ad
340 3421 512 3516 septimum
536 3420 750 3516 fragmentum
773 3444 807 3519 p.
835 3423 898 3491 al.
924 3415 1101 3489 Fritnsclnii
1126 3415 1270 3512 auspicio

157 3528 367 3615 memorator,
393 3522 434 3594 ab
459 3521 636 3597 scholiasta
660 3519 889 3619 Aristophanis
915 3519 957 3591 ad
971 3516 1112 3616 ‚Vespas
1136 3519 1270 3592 meet.

159 3623 307 3721 (1001.)
327 3648 393 3697 non
411 3632 502 3697 recte
523 3624 559 3694 in
580 3622 656 3696 filiis
675 3622 888 3722 Hippocratis
907 3620 1072 3694 Periclem
1096 3619 1270 3713 nominari,

159 3725 218 3797 sed
228 3726 398 3822 legendnm
412 3751 485 3800 esse
494 3723 710 3830 Βουζύγην,
725 3727 812 3826 quod
820 3749 998 3824 cognomen
1006 3724 1049 3796 sit
1056 3721 1269 3797 Demostrati.
1294 3798 1297 3805 ,

157 3825 199 3899 Id
211 3829 370 3925 qnomodo
382 3829 521 3927 intelligi
545 3829 674 3924 debeat,
697 3830 815 3905 lectori
833 3830 961 3903 demum
981 3853 1016 3925 p.
1030 3824 1093 3899 55.
1118 3825 1271 3923 patescit.

157 3926 229 4003 Sed
254 3937 364 4003 amen
387 3956 493 4031 neqne
509 3933 593 4008 hacc
616 3957 722 4032 neque
746 3933 830 4006 aliae
863 3931 903 4004 dc
935 3931 999 4003 isto
1031 3927 1162 4001 Pericle
1188 3951 1271 4001 con-

157 4031 303 4106 iecturae
337 4032 431 4107 valde
470 4043 547 4109 runt
581 4035 781 4129 verisimiles.
845 4032 986 4130 Reisigii
1024 4039 1182 4135 conatus,
1215 4030 1270 4130 qni
1375 4068 1387 4091 .·

160 4196 419 4247 -..-..-1

243 4342 463 4427 *)lnlliornia
485 4341 704 4409 scholastriae.
736 4345 828 4409 1833.
849 4362 888 4408 m.
911 4343 1022 4408 Ianuar.
1044 4359 1074 4402 n.
1098 4342 1147 4407 13.
1302 4323 1304 4327 ¹

209 4427 343 4505 uram.
370 4427 442 4506 On.
468 4427 514 4503 V.
843 4534 846 4539 Ι
952 4496 954 4500 .
1033 4425 1069 4499 Τ
