2948 4898
494 288 982 399 ricnvnnranrnuvu.
1214 282 1279 420 aar

156 491 297 595 χρόνος
336 498 452 578 αἴτιος
478 482 680 594 ’ἀφανέσιν
722 495 828 572 εἶναι.
896 491 1098 594 Διομήδης
1129 491 1180 591 ἦν
1212 499 1279 576 καὶ

157 594 375 686 Ὀδυσσεύς,
402 598 422 674 ὃ
458 595 528 694 μέν
555 603 596 676 έν
629 595 777 697 Λήμνῳ
809 598 852 674 τὸ
888 596 1121 695 Φιλοκτήτου
1153 595 1278 699 τόξον,

162 704 184 779 ὃ
211 699 253 779 (λε’
278 700 350 797 τὴν
372 702 551 796 Ἀθηνᾶν
578 699 856 800 ἀφαιρούμενος
891 703 929 787 ἐξ
960 697 1078 778 Ἰλίου.
1106 705 1280 782 ἐνταῦθα

122 826 124 830 ‘
160 807 204 885 έν
228 811 310 889 ταῖς
343 833 509 908 φραφαις
542 830 644 882 εστιν
686 807 847 906 Ορέστης
879 809 1072 908 Αἴγισθον
1104 804 1279 906 φονεύων

159 907 226 985 καὶ
251 906 435 1003 Πυλοίιλης
467 909 556 994 τοὺς
582 907 720 992 παῖδας
753 909 842 994 τούς
875 908 1073 987 Ναυπλίου
1107 909 1279 1007 βοηθούς

160 1008 345 1096 ἐλθόντας
370 1010 566 1113 Αἰγίσθῳ·
593 1020 662 1088 τοῦ
689 1010 731 1088 dd
753 1013 951 1108 Ἀχιλλέως
976 1009 1102 1112 τάφου
1120 1012 1278 1108 πλησίον

160 1112 347 1215 μέλλουσοί
375 1119 452 1191 ε’στι
479 1113 693 1213 σφάζεσθαι
726 1116 932 1211 Πολυξένη.
962 1113 1134 1215 (Ὁμήρῳ
1166 1115 1209 1193 δέ
1235 1113 1278 1194 εὗ

159 1215 232 1314 μὲν
257 1217 421 1318 παρείθη
447 1215 603 1295 τόδετὸ
632 1218 739 1317 ὠμὸν
765 1218 884 1304 οὕτως
919 1221 1051 1322 ἔργον,
1078 1215 1120 1294 εὗ
1145 1217 1191 1294 ιλέ
1211 1249 1279 1318 μοι

160 1319 337 1420 φαίνεται
377 1319 535 1418 ποιήσας
567 1331 725 1420 Σκῦρον
758 1321 831 1397 ὑπὸ
864 1323 1063 1417 Ἀχιλλέως
1096 1321 1279 1412 ἁλοῦσαν,

160 1421 274 1501 οὐδέν
299 1423 439 1522 ὁμοίως
464 1424 529 1500 καὶ
553 1424 635 1499 ὅσοι
663 1425 835 1526 λέγουσιν
861 1426 959 1521 ὁμοῦ
975 1431 1058 1508 ταῖς
1070 1425 1279 1525 παρθένοις
1405 1511 1407 1519 s

155 1525 329 1622 Ἀχιλλέα
357 1528 453 1621 ἔχειν
479 1529 519 1601 έν
546 1523 689 1624 Σαύρῳ
715 1524 888 1613 (λίαιταν,
924 1526 949 1601 ἃ
982 1525 1030 1623 dd
1057 1527 1123 1602 καὶ
1148 1525 1279 1604 Πολύ-

158 1654 304 1730 γνωτος
337 1630 518 1731 ἔγραφεν·
555 1629 696 1728 ἔγραφε
725 1626 767 1702 dd
802 1627 866 1702 καὶ
887 1626 1001 1724 πρὸς
1033 1638 1087 1727 τῷ
1119 1640 1279 1730 ποταμῷ

158 1738 242 1815 ταῖς
268 1731 366 1830 ὃμοῦ
390 1727 592 1826 Ναυσικάα
617 1726 846 1813 πλυνούσαις
868 1728 1123 1829 ἐφιστάμενον
1142 1733 1280 1810 Ὀιλυσ·
1394 1736 1396 1741 ’

67 1924 68 1928 ¹
160 1834 227 1911 σέοι
251 1832 423 1909 κατὰτὰ
451 1831 549 1908 αὐτὰ
574 1832 663 1929 καθ’
699 1832 724 1906 ἃ
758 1830 805 1927 δὴ
831 1831 895 1906 καὶ
911 1831 1077 1933 Ὅμηρος
1103 1833 1278 1932 ἐποίησε.)

100 1991 104 1998 ·
157 1934 306 2037 φραφαλ
331 1931 376 2008 δέ
399 1940 469 2009 εἰσι
494 1932 559 2008 καὶ
585 1933 694 2008 ἄλλαι
718 1932 1056 2032 καὶἈλκιβιοίιλης·
1083 1940 1209 2014 ἵππων
1234 1937 1282 2014 (λέ

158 2041 196 2114 οἱ
220 2037 325 2132 νίκης
350 2045 415 2132 τῆς
454 2040 495 2112 ἐν
533 2037 659 2134 Νεμέα
700 2036 779 2112 ἐστὶ
818 2044 952 2136 σημεῖα
986 2042 1027 2115 ἐν
1059 2049 1105 2136 τῇ
1131 2049 1276 2142 γραφῇ,

157 2140 223 2217 καὶ
255 2136 426 2236 Περσεύς
460 2143 561 2216 ἐστιν
595 2143 632 2223 ἐς
658 2141 829 2239 Σέριφον
854 2138 1117 2239 κομιζόμενος,
1145 2148 1277 2219 Πολυ-

91 2319 92 2322 ,
159 2243 272 2342 δέκτῃ
299 2244 427 2343 φέρων
451 2241 521 2338 τὴν
546 2242 711 2342 κεφαλὴν
737 2243 807 2338 τὴν
833 2242 1048 2338 Μεδούσης.
1075 2288 1127 2300 -
1154 2246 1208 2319 ἔτι
1233 2244 1277 2321 dd

158 2355 239 2424 τῶν
263 2355 427 2450 γραφῶν
452 2345 606 2445 παρέντι
631 2346 700 2422 τὸν
726 2345 846 2421 παῖδα
872 2346 941 2433 τὸν
966 2344 1183 2445 τολςύιλρίας
1210 2349 1278 2448 φέ-

158 2477 297 2547 ροντα,
329 2448 394 2525 καλ
424 2452 494 2526 τὸν
525 2446 734 2543 παλαιστὴν
768 2449 814 2525 ὃν
854 2448 1072 2548 Τιμαίνετος
1098 2451 1277 2553 ἔγραφεν,

159 2555 237 2630 ἔστι
263 2558 473 2636 Μουσαῖος.
525 2550 752 2625 Adscribcnda
777 2552 855 2623 duxi
880 2553 962 2624 haee
989 2554 1108 2646 omnia,
1134 2578 1177 2626 ne
1201 2553 1275 2628 Po-

157 2653 289 2753 lygnoto
315 2657 546 2747 tribuerentur,
573 2679 656 2751 quae
689 2663 873 2726 nouerant
906 2656 946 2726 ab
979 2655 1043 2728 lroc
1069 2655 1194 2729 artifice
1218 2653 1275 2754 pi·
1373 2677 1375 2681 ’

159 2768 232 2834 ota:
258 2759 294 2830 in
319 2782 384 2855 qua
410 2758 560 2855 opinione
586 2782 662 2830 oum
686 2758 759 2829 aliis
790 2757 1014 2852 Boettigerum
1047 2758 1149 2830 fuisse
1181 2759 1275 2834 uideo

157 2888 194 2961 p.
234 2864 322 2935 290.
364 2885 434 2958 seq.
495 2858 582 2932 Nam
625 2858 800 2956 Polygnoti
846 2884 926 2956 quas
972 2859 1055 2932 dixit
1092 2859 1275 2935 Pausanias

104 3016 112 3027 ι
158 2962 299 3039 Achillis
324 2964 359 3036 in
384 2962 490 3058 Scyro
517 2971 551 3036 et
575 2961 685 3034 Vlixis
712 2962 753 3034 ad
778 2961 976 3035 Nausicaam
989 2962 1175 3035 accedentis
1188 2963 1275 3036 inra-

158 3066 265 3164 gines,
291 3091 357 3139 non
381 3067 512 3138 luerunt
537 3073 647 3162 partes
672 3065 760 3136 illius
785 3065 947 3163 picturae,
974 3089 1069 3161 quam
1094 3065 1129 3137 in
1151 3067 1273 3141 sacello

158 3171 223 3243 isto
250 3170 292 3242 ad
317 3170 493 3266 propylaea
518 3170 558 3240 ab
585 3193 621 3240 se
647 3169 749 3240 visam
775 3168 950 3260 describit,
976 3168 1035 3240 sed
1060 3168 1162 3261 aliae,
1189 3193 1274 3266 qua-

159 3297 232 3344 rum
244 3324 256 3364 ,
296 3273 337 3344 de
376 3271 521 3344 Homero
557 3271 714 3368 loquens,
754 3272 859 3344 obiter
896 3271 1091 3344 mentionem
1122 3272 1273 3346 inseruit.
1400 3290 1403 3303 “

159 3371 294 3472 Alioqui
328 3375 437 3448 statim
470 3375 510 3446 ab
543 3373 636 3446 initio
670 3369 807 3446 dixisset
840 3377 977 3472 οἴκημα
1011 3374 1162 3476 γραφὰς
1188 3377 1274 3469 ἔχον

159 3473 430 3580 Πολυγνώτου.
466 3473 577 3573 Atque
602 3477 684 3547 alius
710 3476 846 3572 pictoris
873 3502 955 3573 opus
972 3477 1131 3574 explicari
1156 3486 1270 3550 osten·
1321 3491 1324 3494 ’

159 3580 240 3654 dunt
264 3581 362 3652 etiam
388 3604 470 3679 quae
494 3585 659 3676 postrema
684 3578 725 3650 de
744 3575 928 3672 Alcibiade,
953 3578 1091 3672 Perseo,
1116 3579 1320 3672 Musaeo,20

157 3692 228 3757 tum
254 3707 337 3780 quae
362 3683 402 3756 de
425 3706 529 3781 puero
555 3705 672 3754 urceos
704 3689 852 3777 gestante
886 3690 919 3754 et
951 3678 1139 3754 Timaeneti
1163 3681 1273 3754 lueta-

74 3850 78 3854 ,
157 3793 230 3860 toro
256 3786 388 3859 adiecit.
447 3783 541 3857 lllius
574 3792 682 3856 autem
712 3784 816 3880 ignoti
848 3782 982 3857 artificis
1014 3785 1161 3881 picturae
1193 3808 1272 3881 pars

157 3897 334 3962 evanuerat
358 3895 539 3962 uetustate:
565 3886 754 3985 etquidem
779 3911 862 3984 quae
886 3911 952 3959 non
984 3887 1123 3983 amplius
1154 3887 1272 3984 dispici

157 3999 321 4090 poterant,
346 3989 525 4065 Diomedes
551 3999 643 4081 erant
668 3997 701 4063 et
725 3988 863 4083 Vlixes,
891 3991 973 4062 alter
996 3987 1192 4083 Palladium,
1218 3990 1271 4062 al·
1333 4038 1336 4052 ·

158 4102 210 4168 tor
235 4118 348 4169 arcum
372 4093 576 4168 Philoctetae
602 4094 765 4167 aulerens.
815 4092 895 4166 Ideo
920 4091 1102 4165 Pausanias
1127 4118 1207 4187 non,
1232 4101 1271 4167 ut

158 4196 200 4270 de
225 4205 375 4272 exstante
400 4197 507 4272 adhuc
540 4196 671 4295 pictura
703 4220 851 4295 semper,
887 4196 1079 4370 dooo,Psed
1103 4192 1151 4293 ἦν
1176 4197 1268 4272 dicit.
