2978 4884
226 363 291 434 102
666 364 886 429 scflouua

80 613 83 623 Ι
177 594 179 604 .
230 527 487 602 Valckenarium
512 550 546 624 p.
574 530 661 600 331.
688 553 717 600 s.
744 527 869 625 scripta
892 525 1030 622 legiturz
1063 525 1119 602 ἴδε
1152 530 1204 612 εὶς
1228 496 1343 605 ποῖονΙ

228 633 382 733 ἀγγεῖον
415 626 611 726 βάλλουσα
645 630 748 730 φέρει
769 630 824 716 ,τὸ
857 628 962 728 ddoo
996 627 1088 726 ἐμοί.
1148 626 1341 728 Scdpserat

229 734 402 830 interpres.
413 732 491 825 ille,
517 733 581 804 nisi
603 733 719 826 fallor,
746 738 797 817 εἰς
822 731 933 808 ποιὸν
966 731 1128 835 ἀγγεῖον.
1188 729 1341 829 Legebat

230 836 329 928 enirn,
354 843 393 909 ut
416 835 554 928 uidetur,
581 831 607 909 ἆ
632 834 687 911 dd'
715 839 751 920 ἐς
776 844 882 935 νᾶμα
907 834 1023 934 φέρει,
1051 842 1085 908 et
1109 841 1216 932 νᾶμα
1239 843 1341 933 puta·

229 939 286 1012 bat
309 962 370 1035 pro
395 937 544 1034 pollubro
569 937 693 1012 dictum
718 963 804 1012 esse.
855 937 962 1011 Porro
988 962 1031 1011 ex
1056 960 1122 1010 uno
1137 936 1253 1012 codice
1277 935 1341 1011 ad·-

230 1048 376 1114 notatum
407 1039 540 1128 dodo,
578 1064 675 1138 quarn
713 1066 828 1115 vocem
861 1038 1043 1136 Gregorius
1077 1038 1156 1113 Gor.
1190 1040 1230 1114 de
1262 1040 1340 1115 dial.

228 1142 314 1215 Ilor.
340 1151 374 1231 ᾧ.
404 1145 489 1217 134.
521 1142 592 1216 sino
624 1143 721 1217 dubio
746 1169 790 1217 cx
817 1144 882 1218 hoc
912 1167 1008 1217 versu
1039 1141 1198 1235 afferens,
1224 1141 1342 1242 δαψι-

231 1243 290 1330 λὲς
314 1246 557 1342 interpretatur.
608 1244 760 1345 Denique
793 1247 900 1321 codex
924 1252 1019 1319 unt
1040 1269 1084 1318 cx
1108 1243 1342 1319 Laurentianis

229 1348 323 1447 isque
347 1349 488 1446 optimus
514 1347 539 1422 ᾶ
564 1346 606 1423 d'
633 1351 670 1432 ἐς
693 1349 799 1449 ὕδωρ
825 1349 948 1449 φέρει,
973 1347 1045 1441 uel,
1071 1356 1110 1422 ut
1135 1345 1342 1422 Gaislordius
1413 1364 1420 1389 ’

229 1452 343 1543 refert,
379 1448 466 1534 oiddc
497 1449 625 1547 ildwp,·
657 1449 894 1525 vaticanorum
924 1459 1035 1524 autem
1058 1473 1143 1522 uuus
1163 1450 1237 1524 sica
1274 1449 1339 1526 ἅδ’

230 1559 293 1638 εὶς.
322 1551 413 1628 didd’
440 1552 487 1637 ἐς.
512 1549 619 1652 νᾶμα
644 1578 750 1653 (pepp.
802 1555 897 1646 Quae
923 1554 985 1626 etsi
1000 1561 1157 1650 oonupta
1171 1560 1260 1646 sunt,
1286 1559 1342 1628 ta-

229 1681 305 1730 rnen
335 1657 487 1754 autiquae
526 1663 561 1729 et
598 1657 758 1753 genuinae
791 1657 975 1754 scripturae
991 1656 1143 1752 uestigia
1174 1657 1343 1730 continere

228 1767 371 1858 oportet,
397 1768 435 1833 ut
467 1767 505 1843 ot¹
535 1758 559 1834 ᾶ
591 1759 632 1836 d’
669 1759 721 1845 ὠς
753 1768 787 1835 et
818 1757 931 1844 odolo
961 1766 1068 1857 νᾶμα
1100 1760 1238 1833 conatus
1269 1759 1343 1835 assa

228 1863 364 1961 putandi
389 1863 455 1935 sint
479 1863 737 1956 emendantium,
778 1888 916 1960 quorum
948 1863 1005 1934 alii
1033 1861 1109 1956 ὡς,
1142 1862 1199 1934 alii
1230 1863 1272 1935 ab
1305 1887 1342 1936 sc

228 1966 310 2064 ipsis
334 1965 500 2037 inuentum
520 1966 717 2039 uocabulum
742 1965 855 2050 doda
879 1966 1061 2063 posuerint,
1084 1965 1212 2065 utrique
1236 1973 1349 2064 νᾶμα

228 2091 346 2167 aquam
371 2091 445 2140 essa
470 2067 653 2142 eredentes.

331 2165 381 2242 At
405 2193 510 2267 neque
535 2194 579 2242 ex
611 2169 662 2242 luis
692 2170 800 2243 verbis
831 2169 1026 2268 quidquam,
1059 2168 1146 2266 quud
1178 2192 1255 2243 curn
1285 2171 1343 2244 illa

229 2270 296 2346 loci
320 2271 587 2370 interpretatione
611 2272 694 2346 bene
719 2280 898 2370 congruat,
925 2273 996 2345 erui
1020 2279 1149 2370 potest,
1174 2296 1238 2347 uec
1263 2298 1343 2348 cac·
1423 2291 1459 2308 ··

165 2420 173 2439 ι
229 2382 302 2448 tera
326 2373 407 2447 satis
432 2381 523 2447 recte
547 2375 754 2472 procedunt..
798 2375 945 2449 Primum
976 2375 1063 2448 euim
1087 2375 1187 2447 nimia
1210 2382 1262 2463 est
1285 2376 1344 2448 illa

230 2477 642 2576 aquaecouumcmoratio3
669 2476 784 2550 deinde
808 2479 938 2575 ignauia
961 2478 1101 2552 ancillae
1134 2501 1195 2551 our
1227 2478 1343 2573 singu-

229 2580 293 2653 lari
315 2578 373 2653 illo
399 2581 440 2657 αἱ
463 2579 594 2683 poldon
617 2588 794 2678 μαλακῶς
821 2577 1029 2678 χρῄσδοντι
1060 2577 1250 2656 cadeudo
1281 2604 1343 2654 ca·

104 2675 112 2749 Ῐ
232 2684 370 2779 atigetur
401 2707 468 2756 non
500 2692 654 2781 apparet3
689 2709 788 2783 porro
820 2684 876 2756 rix
910 2692 1021 2782 aptum
1052 2691 1155 2761 κινεᾶ
1180 2680 1249 2780 δή,
1279 2683 1343 2757 nisi

163 2785 351 2862 1072aliud
374 2786 453 2882 quid
476 2811 576 2883 agens
601 2795 775 2861 cunctatur
799 2786 935 2883 anoilla;
968 2795 1037 2861 tum
1070 2813 1224 2886 quorsum
1248 2785 1343 2863 dda-

44 2894 47 2900 ’
231 2918 296 2974 τος
321 2885 504 2988 πρότερον
528 2889 597 2978 dei,
622 2891 652 2963 si
673 2890 755 2964 uilil
780 2891 844 2965 uisi
868 2890 903 2962 id
927 2891 1047 2989 ipsum,
1073 2915 1158 2988 aqua
1182 2897 1220 2963 ut
1244 2890 1344 2965 aller·

232 3001 335 3084 retur,
360 2993 553 3090 imperatum
578 2987 676 3066 erat?
734 2991 886 3090 Denique
911 2995 1009 3064 etiam
1042 2991 1142 3088 ὅμως
1175 3016 1241 3063 non
1266 3001 1344 3088 pot-

234 3100 286 3168 est
310 3095 478 3166 commode
502 3094 673 3192 explicari·
723 3093 818 3166 Haec
843 3095 952 3167 omnia
976 3119 1015 3166 eo
1041 3092 1175 3184 ducunt,
1201 3099 1239 3165 ut
1262 3118 1344 3190 pro-

233 3196 341 3268 banda
364 3194 511 3266 uideatur
536 3196 845 3286 eorum'sententia,
872 3194 927 3291 qui
952 3201 1056 3293 νᾶμα
1081 3218 1141 3291 pro
1162 3202 1265 3289 νῆμα
1290 3194 1343 3266 di-

232 3306 322 3370 ctum
333 3303 499 3392 putantes,
519 3295 718 3368 Praxinoam
732 3297 872 3368 stamina
883 3304 917 3367 ct
928 3293 995 3389 lile,
1017 3296 1131 3395 quibus
1146 3297 1189 3369 ad
1203 3297 1342 3370 nendum

232 3399 285 3472 uel
296 3398 471 3472 tenendum
486 3423 547 3470 usa
560 3406 644 3491 erat,
670 3421 764 3475 suum
776 3399 811 3469 in
823 3399 931 3473 locum
944 3399 1058 3498 reponi
1069 3399 1181 3476 iubere
1195 3409 1341 3474 censent.

212 3500 348 3608 §atius
374 3507 425 3573 cst
449 3501 535 3572 enim
559 3501 690 3603 proprie
716 3500 838 3579 dictum
863 3501 997 3575 credere
1022 3510 1146 3600 νᾶμα,
1173 3526 1281 3600 quam,
1307 3511 1345 3577 ut

180 3626 205 3681 ·.
233 3603 423 3703 quibusdam
454 3604 583 3701 placet,
615 3613 738 3678 uestem
763 3612 820 3678 aut
844 3605 984 3678 mantele
1018 3605 1173 3703 intelligi,
1208 3630 1342 3705 quorum

214 3715 385 3781 ‚neutrum
410 3708 480 3781 uari
504 3708 609 3780 simila
634 3715 691 3781 aut
715 3708 869 3781 credibile
895 3715 957 3781 est.
1009 3709 1132 3782 Mulier
1155 3710 1342 3808 imperiosa,

236 3811 430 3884 comitatura
461 3808 669 3906 Gorgonem,
703 3834 785 3907 quac
818 3810 932 3883 mediis
957 3811 1027 3883 eius
1058 3813 1198 3908 negotiis
1230 3814 1345 3891 donne-⁹

236 3914 329 3986 sticis
342 3922 585 4011 supervenerat,
609 3914 723 4011 reponi
737 3913 925 4010 priusquam
934 3921 1031 3987 exeat
1044 3915 1134 3988 iuluct
1147 3939 1229 4013 quae
1236 3914 1343 4011 negli-

181 4060 185 4082 .
236 4023 351 4110 genter
374 4017 410 4088 iu
432 4015 516 4089 sella
544 4017 597 4090 uel
630 4015 771 4089 scabello
803 4017 943 4107 iacent..
982 4015 1088 4114 Igitur
1118 4017 1258 4117 imperat
1282 4041 1344 4088 an-

237 4117 345 4208 cillae,
370 4125 408 4191 ut
432 4118 570 4191 stamina
593 4119 659 4191 ista
682 4142 778 4190 suum
808 4119 843 4191 in
874 4118 983 4192 locum
1014 4120 1154 4214 relocat,
1187 4119 1344 4216 simulque

237 4217 392 4311 minatur,
415 4220 445 4291 si
468 4220 586 4292 iterum
610 4221 660 4294 sic
683 4220 719 4292 iu
744 4221 849 4294 medio
875 4223 1023 4320 proiecta
1046 4223 1164 4297 uideat.
1190 4217 1366 4294 Sichaec

16 4394 19 4403 ,
152 4411 160 4425 f
237 4319 444 4418 intelligenda
468 4346 541 4396 esse
565 4322 646 4397 uidit
677 4323 741 4398 iarn
773 4322 804 4397 Ι.
830 4323 875 4397 Η.
901 4322 1055 4406 Vossius.
1094 4316 1204 4398 'Turn
1227 4322 1344 4398 acerbe

321 4585 330 4629 l
421 4618 424 4627 ,
