2948 4898
527 338 675 404 INDEX
696 338 915 403 LATINVS.
1222 339 1288 406 369

414 499 459 576 Ν.
754 500 956 582 productiones
968 500 1095 563 brevium
1114 501 1286 580 syllabarum
1409 504 1413 511 '

798 587 877 667 apud
898 587 1082 649 Theocritum
1105 587 1175 654 104.
1198 608 1221 654 s.

172 675 273 738 Niciae
293 676 418 756 pictores
440 677 499 736 duo
519 676 595 742 215.
620 696 642 735 s.

172 762 281 822 numeri
321 760 520 840 Lycophronis
543 761 636 827 1248.
679 783 702 828 s.
997 756 1043 831 R.

215 847 362 909 Theocriti
384 849 436 912 83.

276 1010 282 1025 ι
408 1014 443 1092 Ο
755 929 964 1015 Rhinthonicac
983 929 1098 990 fabulae
1118 933 1192 998 259.

998 1097 1041 1176 S.

173 1214 190 1251 o
225 1191 335 1271 primae
372 1207 515 1270 personae
556 1191 706 1251 verborum

213 1295 274 1336 non
295 1282 456 1356 correptum
482 1277 557 1341 271.
585 1296 609 1342 s.
630 1280 704 1343 280.
756 1273 900 1350 Satyrion
917 1274 996 1354 apud
1011 1275 1158 1335 Romanos
1179 1278 1254 1344 256.
1266 1298 1289 1343 ³.

213 1365 288 1428 285.
757 1365 906 1419 scazontes
943 1378 1003 1420 non
1045 1360 1124 1442 apud
1163 1363 1290 1423 scenicos

172 1448 309 1509 Olbiades
330 1449 424 1530 pictor
444 1450 518 1514 219.
797 1443 872 1509 277.
894 1447 969 1511 283.

172 1535 243 1594 ordo
265 1534 416 1595 verborum
437 1534 516 1614 apud
535 1532 704 1615 Lycophro-
754 1549 858 1592 scenae
878 1530 958 1590 locus
977 1536 1103 1593 mumius
1122 1534 1153 1594 in
1172 1537 1289 1614 tragoe-

213 1639 280 1682 nem
290 1621 327 1682 ab
350 1621 470 1683 librariis
487 1625 612 1682 mutatus
628 1620 702 1687 246.
797 1617 846 1677 dia
868 1617 941 1682 190.

214 1725 238 1771 s.
276 1755 279 1762 .

994 1787 1043 1863 T.

754 1961 809 2022 tibi
827 1960 926 2021 ultima
945 1961 1027 2022 brevi
1053 1962 1134 2043 apud
1160 1963 1287 2024 scenicos

412 1874 456 1951 P.

170 2051 299 2130 picturae
325 2050 466 2129 parietum
497 2048 571 2114 207.
593 2066 630 2115 ss.
672 2049 703 2109 in
795 2044 869 2112 287.
944 2124 947 2129 .

212 2135 271 2194 ndo
292 2134 367 2198 217.
390 2135 529 2213 topiariae
550 2137 625 2200 222.
751 2137 869 2210 togatae
891 2131 1005 2192 fabulae
1021 2134 1094 2197 258.

169 2221 298 2301 planipes
319 2223 393 2287 255.
413 2219 596 2300 planipediae
615 2220 699 2281 fabu-
752 2220 921 2298 togaturs'ue
942 2219 1017 2283 261.

212 2306 258 2366 lae
278 2309 352 2370 258.
754 2303 901 2363 trabeatae
921 2303 1036 2364 fabulae
1057 2307 1129 2371 258.

167 2391 262 2452 Plauti
283 2390 452 2472 Amphitruo
473 2395 548 2459 259.
754 2382 985 2470 tragicomoedia
1005 2392 1080 2457 256.

167 2477 346 2558 Polygnotus
367 2479 443 2544 218.
463 2479 539 2544 227.

170 2563 638 2644 praepositionnmsignificatioues
649 2563 701 2630 34.
994 2558 1040 2634 V,

169 2669 367 2815 prsetextatae
387 2735 502 2798 fabulae
522 2735 596 2801 257.
753 2733 835 2795 Velia
855 2732 1001 2801 Lucumo
1021 2730 1073 2800 79.
