2948 4898
501 335 731 403 TlTINIVS;
1116 331 1181 398 2⁷⁵

497 497 599 597 quod
615 496 750 597 pestis,
778 495 885 570 sento
911 507 953 568 et
975 496 1107 590 ialrgco

165 601 325 672 sesemet
348 597 504 672 uede'bco
532 601 787 694 emigrarunt.

59 750 103 826 In
127 754 219 826 libris
245 761 296 826 est
321 764 479 825 sesemet
503 753 644 828 diebos.
695 752 765 826 Vin
792 733 1076 850 dubitari-potest,
1103 751 1181 850 quin

60 881 196 932 scenam
222 857 364 956 aliquam
389 858 550 956 inceperit
574 857 628 930 lnic
655 864 879 952 asynantetus:

190 1003 284 1092 pout
298 995 442 1093 pe'stec,
469 993 597 1088 senec,
625 1003 665 1066 et
687 991 821 1085 oilrgc’o
846 988 1179 1083 sesemetemc'grri-

676 1105 774 1167 ruat

190 1176 240 1271 ece
265 1194 432 1289 caoctus,

62 1335 127 1435 uel,
113 1334 225 1508 ,pt
214 1359 250 1405 nn
274 1334 475 1433 praefatione
500 1333 647 1408 Plautini
672 1334 919 1432 Trinummip.
938 1338 974 1405 9.
997 1332 1181 1405 coniectum

61 1461 84 1508 a
107 1461 151 1510 no
173 1461 202 1508 ns
229 1445 297 1510 est.

165 1583 260 1670 quot
275 1574 416 1671 pestes,
442 1573 562 1667 secto,
590 1583 631 1646 et
654 1573 786 1666 cilrgcc
803 1581 882 1645 sese
906 1569 1062 1644 conotus
1087 1570 1182 1642 emi·

671 1680 858 1769 godrum.

165 1823 399 1898 Soenndnmf
382 1826 599 1921 fragmentum
624 1849 691 1896 non
717 1826 844 1897 videtur
869 1823 942 1896 finis
968 1823 1105 1897 fuisse
1094 1848 1182 1896 ram-

64 1929 129 2002 bici
155 1929 351 2001 catalectici.
405 1928 472 2019 Qui
497 1936 657 2024 quaerunt
683 1952 746 2024 qno
773 1936 877 1999 metro
911 1927 988 2024 quid
1022 1927 1181 2023 scriptum

62 2033 118 2124 sit,
145 2031 257 2103 sedulo
285 2031 382 2102 etiam
415 2055 479 2126 qna
504 2031 544 2101 de
577 2055 614 2101 re
649 2054 755 2101 senno
791 2031 834 2102 sit
867 2038 1017 2127 spectare
1050 2029 1180 2121 debent,

61 2135 229 2232 quianon
254 2133 400 2204 omnibus
426 2133 523 2204 nebus
550 2132 658 2204 omnia
689 2142 794 2204 metra
820 2133 1027 2205 conueniunt.
1085 2130 1181 2204 Haec

62 2237 192 2336 quidem
216 2236 317 2308 multo
344 2236 412 2309 veni
437 2235 574 2308 similius
600 2243 650 2307 est
676 2260 719 2308 en
744 2236 899 2309 trimetris
926 2259 1018 2308 esset

518 2397 632 2488 etque
659 2387 734 2458 doio
753 2388 921 2487 posttea,
948 2389 1047 2485 poue
1065 2385 1154 2478 loco

192 2489 379 2564 mercede.

165 2626 329 2701 Intentio
354 2608 535 2725 fragmento
560 2629 702 2727 pessimo
727 2626 871 2727 pesitum
897 2636 948 2701 est
973 2650 1077 2698 eum-2

64 2830 67 2835 ,
181 2765 360 2860 sortisse
399 2775 528 2837 cotom
566 2768 653 2837 eam
676 2764 845 2859 fecisse,
884 2762 957 2863 quo'
991 2762 1052 2834 die
1085 2760 1181 2837 litor

665 2869 796 2962 foret.

190 2994 293 3042 oenc
320 2969 401 3042 etos
426 2969 509 3042 coti
530 2968 839 3058 condemnatam:
865 2966 1080 3042 immolavit
1107 2964 1180 3040 Ιιό-

678 3072 805 3147 stium.

63 3223 141 3298 Non
167 3233 217 3298 est
241 3226 276 3297 in
300 3227 457 3300 librorum
483 3227 646 3326 scriptura
671 3252 776 3322 eom,
804 3229 863 3302 sed
887 3237 1020 3299 actum
1035 3223 1178 3321 foisse,

63 3327 151 3425 qnod
183 3329 314 3426 quidam
346 3331 381 3402 in
413 3340 541 3401 cotom
563 3329 732 3425 sectore,
768 3332 823 3403 alii
861 3339 952 3405 necte
985 3331 1020 3402 in
1040 3331 1180 3400 'cotom
1251 3384 1252 3389 ι

54 3429 186 3525 fecsse
212 3439 389 3507 mutarunt.
440 3431 482 3504 In
506 3433 667 3530 principio
692 3434 789 3531 primi
814 3457 927 3505 uersus
961 3433 1053 3506 deest
1078 3431 1180 3526 sylla-

64 3534 119 3606 ba.
182 3532 345 3606 Videntur
376 3534 462 3608 enim
492 3535 527 3606 hi
559 3559 672 3608 versus
705 3535 865 3608 trochaici
898 3558 991 3626 esse,
1032 3531 1113 3602 eico
1144 3532 1180 3604 in

64 3659 164 3707 unam
189 3637 345 3732 syllabam
371 3643 552 3710 contracto.

166 3736 206 3810 ln
232 3748 348 3835 quanto
372 3739 552 3835 fragmento
578 3737 756 3837 simplicius
782 3746 816 3810 et
841 3738 947 3836 aptius
974 3744 1062 3829 erat,
1098 3733 1180 3806 seiae
1260 3813 1265 3823 ,

65 3862 152 3911 com
175 3841 211 3912 in
236 3840 317 3914 ciacc
341 3866 401 3914 mc
426 3866 512 3914 eum
545 3849 691 3936 mutare,
724 3841 820 3940 quam
853 3841 995 3913 scribere
1028 3838 1180 3936 sciteque

65 3965 164 4016 eom.

168 4043 209 4119 In
233 4045 337 4143 primo
365 4071 408 4119 ex
441 4047 576 4121 incentis
602 4046 719 4118 fabulis
752 4006 932 4141 fragmento
966 4044 1156 4118 Titinius
1145 4069 1181 4147 m
1263 4074 1266 4079 ·

64 4145 131 4220 fnne
164 4173 279 4222 uersus
311 4172 378 4221 non
409 4150 573 4247 posuisset
604 4147 746 4247 repulsi
777 4146 935 4241 nomem,
974 4156 1009 4223 et
1040 4143 1185 4222 ramici
1242 4171 1244 4176 ·

67 4250 221 4349 rotpulo.
286 4248 510 4327 sederenius
536 4259 588 4324 est
624 4251 688 4327 hoc
725 4252 963 4349 fragmentum,
1008 4274 1106 4350 qnam
1142 4259 1181 4324 ut
1271 4249 1273 4253 ⁴

907 4385 974 4463 S2
