2948 4898
171 341 236 412 830
298 343 548 410 INDICEND.
571 343 737 415 EXSEQ.
760 343 798 412 G.
819 343 859 410 H.
881 341 1156 413 BRANDESII.

154 590 157 594 ,
272 507 371 580 Hune
396 505 494 580 talem
518 504 635 597 virum,
662 503 779 598 Cives,
805 505 840 577 in
873 504 981 578 media
1011 513 1079 579 tam
1110 508 1285 606 praeoiara

170 609 446 684 administratione
479 614 662 680 rectoratus
692 608 847 681 infestum
879 608 973 681 nobis
1015 611 1135 708 eripuit
1168 612 1283 685 satum.

93 722 98 735 '
171 712 291 788 Subito
317 719 433 808 eaptus
458 710 710 783 inflammatione
735 710 936 808 pulmonum,
971 712 1084 808 quinto
1116 721 1193 811 post
1219 714 1284 808 olio,

170 818 227 914 qui
251 816 314 888 fuit
336 811 455 885 XVII.
481 813 601 884 mensis
626 812 722 904 Maii,
749 812 847 905 obiit,
866 814 930 910 qui
961 815 1093 887 morbus
1130 816 1285 889 [ratribus

170 943 298 1017 quoque
323 917 394 989 eius
420 916 568 988 omnibus
593 915 699 988 suerat
724 915 878 987 exitialis.
933 915 1038 989 Nobis
1062 919 1118 990 ille
1144 919 1283 1011 luctum,

169 1021 377 1111 desiderium,
402 1018 652 1114 memoriamque
676 1018 818 1116 exempli
843 1018 894 1089 sui
924 1019 1066 1116 reliquit.
1118 1019 1286 1094 Conveni·

168 1132 203 1199 te
227 1124 328 1220 igitur
353 1121 395 1193 ad
419 1121 604 1217 exsequias,
630 1120 745 1217 quibus
769 1120 963 1194 honoremus
982 1146 1094 1195 manes
1108 1124 1171 1195 riri
1184 1149 1285 1196 num·

168 1251 267 1325 quam
291 1225 397 1316 nobis,
422 1247 598 1320 numquam
621 1223 699 1296 uuio
723 1221 949 1316 Vnivereitati,
975 1248 1150 1322 numquam
1175 1226 1284 1299 homi·

169 1330 264 1401 nibus
289 1326 440 1400 litteratis
466 1325 687 1400 obliviscendi.
739 1322 881 1399 ornabit
912 1350 987 1400 eum
1012 1326 1119 1401 debito
1151 1329 1285 1403 laudum

170 1437 377 1505 monumento
402 1429 452 1501 uir
476 1428 650 1526 plurimum
682 1429 896 1520 reverendus,
932 1429 987 1527 qui
1018 1431 1193 1504 nouissime
1226 1455 1284 1505 ea-

171 1557 301 1608 orarum
334 1531 553 1604 doctrinarum
584 1531 750 1629 professor
782 1539 955 1628 oraturque
992 1534 1106 1631 templi
1139 1533 1284 1607 Paullini

170 1636 214 1709 ad
237 1660 298 1708 uos
324 1633 482 1727 necessit,
515 1631 685 1730 Augustus
716 1633 895 1728 Krelrliun,
926 1633 1056 1708 Dootor
1087 1637 1284 1735 theologiae,

170 1739 268 1837 digno
293 1738 409 1835 dignus
434 1737 591 1837 postremi
615 1736 748 1837 pietatis
773 1735 875 1812 offioii
898 1737 1071 1838 interpres.
