2948 4898
308 408 311 416 .
394 361 1115 427 ιιιοΒοΛιιιιιιιιοοΛπΔΗιι.
1233 306 1361 449 ιοι

186 545 284 622 quae
310 521 353 594 in
378 522 467 594 alais
492 523 646 596 maricis
667 523 872 617 generabar
897 524 1020 596 locam
1035 549 1112 598 noe
1127 522 1297 619 heberet,

186 635 392 698 vocaretur
416 625 602 726 ὑποβολῆς
629 628 713 724 epse
738 627 947 726 rhapsodias
964 629 1100 728 potnit
1129 629 1298 727 ὑποβολῆ

186 728 275 802 dia:
327 729 423 802 Haec
448 755 574 827 quoque
599 733 805 804 ratiocinatio
831 733 918 804 omni
937 733 1032 804 modo
1046 732 1194 804 laborat*
1209 731 1299 805 Pro·

184 831 345 906 ficiscitur
370 834 454 905 enim
481 834 520 905 ab
547 859 599 924 eo,
627 835 713 931 quod
738 860 804 907 non
830 844 880 906 est
906 835 1177 926 demonstratum,
1204 835 1298 910 ὑπο-

185 936 305 1034 nonae
330 936 450 1008 dictam
476 961 548 1007 esse
580 938 669 1007 illam
702 939 943 1010 successionem
976 938 1172 1009 carminum:
1207 962 1298 1009 sum-

185 1046 278 1138 ptum
304 1048 354 1110 est
380 1040 465 1110 enim
492 1041 685 1112 auctoritate
718 1040 878 1136 Diogenis
910 1038 1060 1131 Leontii,
1095 1064 1298 1136 quaequam

185 1148 340 1238 suspecta
361 1142 408 1212 sit
434 1164 534 1238 supra
564 1141 793 1214 indicavimusr
828 1143 914 1214 redit
939 1151 1046 1214 autem
1073 1167 1132 1233 eo,
1167 1149 1204 1213 ut
1235 1166 1299 1238 po-

186 1243 288 1316 tuisse
314 1243 515 1340 ῥαψῳδίαπ
541 1246 699 1341 appellari
730 1245 923 1343 ὑποβολὴν
956 1246 1123 1316 audiamus
1131 1296 1143 1335 ,
1170 1269 1236 1316 non
1261 1252 1300 1317 ut

187 1370 260 1419 esse
286 1347 479 1444 appellatam
507 1371 546 1418 eo
572 1348 729 1430 vocabulo
756 1349 941 1420 doceamur.
993 1345 1096 1444 Atqui
1111 1348 1197 1444 quod
1222 1355 1299 1444 pot·

187 1457 348 1541 estesse,
375 1475 441 1521 non
468 1451 620 1522 continuo
647 1458 708 1542 est,
736 1451 765 1521 si
791 1458 898 1522 tamen
924 1458 1043 1547 potest.
1097 1447 1145 1522 At
1169 1475 1210 1521 ue
1236 1462 1302 1546 po-'

186 1552 288 1624 tuisse
316 1552 444 1649 quidem
470 1552 658 1649 ὑποβολῆς
690 1555 818 1625 nomine
844 1554 1053 1650 rhapsodiam
1086 1554 1196 1625 vocari
1223 1577 1300 1625 ere-

187 1653 362 1727 dibilet
312 1663 373 1727 est.
440 1653 527 1726 Nam
560 1657 646 1752 quod
671 1657 719 1727 ait
750 1656 957 1747 Boeoklrius,
993 1654 1065 1725 boc
1099 1654 1199 1725 emim
1225 1653 1301 1726 ala·-

157 1830 160 1835 ,
187 1756 280 1858 qaid
303 1768 343 1829 et
365 1756 484 1828 molto
510 1756 726 1829 acatalecticus
748 1769 808 1829 est
831 1767 872 1828 ct
890 1783 975 1828 cam
990 1756 1220 1856 rhapsodeae
1236 1782 1301 1834 ra—

186 1860 290 1932 tione
316 1860 375 1932 ita
395 1859 651 1953 concrematam,
678 1871 723 1931 at
747 1860 809 1932 cal
830 1854 988 1952 vulgari
1009 1860 1212 1931 consenciat
1235 1885 1301 1933 oo·

187 1962 318 2035 cauata·
299 1963 618 2084 eora‘goaotaoae',
658 1963 759 2061 quod
791 1963 846 2035 sa'c
871 1987 1028 2034 carmen
1062 1963 1231 2034 assuatur
1264 1974 1302 2034 et

186 2065 357 2138 nectitur
388 2066 574 2160 carmani,
607 2067 642 2139 id
674 2076 800 2140 tantum
834 2068 926 2139 abest
959 2074 996 2140 ut
1029 2066 1198 2140 confirmet
1230 2067 1300 2139 eius

187 2171 401 2263 seutentiam,
428 2173 459 2242 ei
484 2180 521 2243 ut
545 2172 654 2268 potius
681 2172 845 2243 adversari
871 2171 1028 2242 rideatur.
1081 2168 1188 2242 Valde
1215 2169 1301 2242 enirn

187 2272 315 2345 diversa
339 2274 506 2370 utriusque
531 2275 670 2347 nominis
694 2275 779 2346 ratio
806 2282 868 2345 est.
843 2271 969 2345 ttV
994 2272 1082 2346 dicta
1103 2274 1146 2344 sit
1162 2273 1301 2369 rbapso-

112 2462 123 2471 1
188 2375 243 2448 dia
268 2376 308 2446 ab
335 2378 570 2449 assuendiset
600 2378 768 2450 nectendis
795 2376 1011 2467 carminibuS,
1048 2383 1082 2447 at
1107 2400 1168 2446 usu
1195 2375 1303 2447 amisit

187 2479 276 2550 illam
310 2478 577 2599 significationem
602 2481 666 2553 boe
690 2480 913 2597 vocabulum,
937 2479 1122 2597 dictumque
1155 2487 1206 2549 est
1239 2478 1300 2568 sie,

188 2589 226 2654 ιιλ
263 2582 344 2653 nihil
388 2584 453 2653 nisi
491 2583 716 2655 recitationem
762 2582 914 2654 carminis
960 2581 1045 2676 epici
1085 2579 1300 2675 significaret.

190 2684 277 2783 quod
310 2693 424 2757 contm
457 2683 644 2783 ὑποβολή,
680 2686 708 2755 si
742 2693 793 2755 est
778 2684 851 2755 tid
878 2683 964 2779 quod
998 2683 1066 2754 vult
1052 2682 1300 2772 tBoecbbius,

190 2787 485 2859 coniunctionem
474 2812 579 2906 ipsam
610 2788 751 2884 plurium
783 2787 961 2858 oarndnum
992 2793 1096 2857 notat.
1156 2781 1204 2856 At
1230 2782 1301 2879 quis

190 2890 316 2981 eredat,
343 2890 399 2959 ubi
424 2890 583 2961 recitandi
607 2890 771 2961 iacudtatis
798 2897 893 2984 atque
921 2887 1164 2959 exercitationis
1191 2895 1301 2957 certa·
1396 2909 1400 2914 ·
1468 2923 1472 2930 ,

189 3015 263 3064 men
289 2993 531 3065 memorandum
559 2999 640 3082 erat,
667 3017 731 3063 noa
763 2991 1008 3081 recitationem,
1044 3014 1126 3086 quae
1161 2992 1256 3060 est
1236 3015 1303 3083 oa-

189 3094 332 3192 ψῳὺίοι,
360 3094 418 3167 sed
447 3095 708 3168 coniunctionem
735 3095 934 3185 carminum,
961 3117 1043 3189 quae
1075 3092 1302 3182 recitarentur,

191 3221 264 3269 esse
289 3192 511 3270 nominatam?
537 3197 641 3270 Immo
666 3197 747 3267 nibil
770 3198 911 3295 ineptius
936 3195 1008 3267 fieri
1032 3202 1179 3293 poterat,
1208 3218 1304 3290 quam

189 3307 228 3373 ut
253 3301 431 3372 carminum
457 3301 673 3372 successionis
699 3301 805 3373 uictor
831 3301 1013 3390 diceretur,
1049 3299 1104 3394 qui
1136 3297 1215 3368 nibil
1240 3296 1304 3368 uisi

189 3422 291 3475 unum
317 3427 359 3475 ex
384 3403 435 3474 bis
462 3404 657 3475 carminibus
683 3403 730 3474 ita
754 3404 939 3492 recitasset,
966 3409 1004 3473 ut
1029 3408 1198 3497 superaret
1223 3423 1303 3472 oae-

191 3511 292 3580 teros.
765 3537 769 3546 ·

292 3608 387 3680 Hace
413 3607 513 3702 igitur
539 3631 637 3702 quum
661 3630 777 3702 parum
802 3606 984 3702 probabilia
1009 3605 1092 3696 sint,
1119 3604 1241 3675 minus
1238 3612 1304 3676 et·

191 3711 256 3781 iam
280 3709 411 3808 probari
436 3733 533 3804 posse
560 3709 698 3780 arbitror
724 3714 782 3799 ea,
810 3732 892 3803 quae
919 3707 1071 3804 deinceps
1101 3707 1191 3779 addit
1211 3705 1304 3780 Boe-

190 3812 299 3884 khius.
360 3809 486 3884 Scribit
511 3818 619 3882 autem
645 3811 711 3882 sie.
744 3809 921 3904 Dp'ffice'l'
901 3832 961 3880 aas
987 3808 1112 3901 de'cta,
1140 3807 1231 3906 qaid
1254 3807 1308 3879 sit

193 3909 444 3996 ἄνταπόὺοοις
469 3914 655 4013 ὑποβολῆς
687 3912 798 3985 enatae
826 3911 934 3984 titali
961 3911 1051 3984 raa
1102 3910 1178 3983 Sed
1191 3935 1304 4007 qaam

180 4016 352 4117 'posthae
378 4024 529 4088 tantam
554 4017 743 4136 ὑποβολῆς
768 4015 952 4117 seraptem
978 4015 1040 4107 sa',t
1067 4037 1138 4085 nee
1156 4012 1303 4113 proda-

193 4119 265 4192 dele
297 4118 475 4191 videatur
506 4119 618 4190 enideo
653 4118 762 4190 totali
790 4111 900 4189 eliud
930 4068 1109 4217 quoddam
1140 4115 1309 4209 intelligo·
1393 4112 1410 4127 ”

194 4248 242 4296 oe
264 4222 450 4324 deebeeps,
478 4219 732 4299 απταπόὺοσιν
756 4221 943 4320 ὑποβολῆς
967 4220 1180 4294 iudicamus
1204 4217 1304 4291 idem

195 4351 243 4399 oe
266 4327 410 4402 nodam
435 4326 628 4444 ὑποβολὴν
653 4349 750 4415 aare,
785 4351 832 4398 ac
858 4349 995 4425 pecore
1026 4323 1191 4398 ductione
1223 4345 1304 4406 rom
