2948 4898
410 382 470 444 su
491 382 662 452 eunuc.
685 383 1007 454 serrzunuvu.
1027 360 1055 454 J
1221 389 1264 454 ar

152 541 338 644 σκήπτρῳ,
364 544 457 618 uobis
483 553 533 619 est
558 570 611 618 απ
636 544 721 618 dem
742 545 932 640 goldeaea
961 547 1132 648 Sceptra.
1156 548 1262 626 Eius·
1336 592 1349 609 x

150 649 238 722 modi
261 648 342 720 nihil
366 656 418 721 est
441 649 476 720 in
501 647 617 724 καπᾶε
644 674 744 747 quare
769 651 863 743 haec,
889 660 927 725 ut
952 677 1068 726 careus
1092 655 1149 725 illo
1175 680 1259 729 cou-

148 759 257 826 tactus
282 749 478 848 significatu,
503 777 570 825 nou
582 753 780 825 construitur
795 778 869 827 cum
884 754 1004 828 dativo.
1053 755 1151 829 Vnde
1175 752 1332 840 con-135

111 859 114 863 ’
149 854 207 928 iici
230 861 358 953 potest,
384 879 426 926 ne
458 855 591 951 genitivi
623 855 751 953 quidem
782 864 880 954 atque
914 859 1093 932 accusativi
1124 884 1259 957 prorsus

149 957 285 1031 eandem
308 958 466 1035 rationem
493 982 579 1050 esse,
606 959 635 1029 si
661 982 737 1031 cum
761 955 858 1034 κατά
866 1012 880 1046 ,
906 984 1002 1056 quam
1028 955 1057 1033 si
1083 986 1159 1034 oum
1183 962 1258 1039 ἅναὶ

148 1060 399 1156 coniunguntur.
452 1058 605 1133 Cernitur
629 1064 738 1133 autern
762 1062 820 1134 illa
845 1059 997 1135 Graecae
1022 1071 1056 1137 et
1081 1062 1259 1139 Gennaui·

147 1186 208 1236 cae
232 1161 483 1261 praepositionis
509 1164 660 1258 coguatio
688 1163 784 1235 etiam
808 1165 844 1236 in
867 1165 974 1237 uerbis
999 1165 1200 1264 compositis,
1226 1177 1260 1242 et

147 1266 277 1365 quidem
301 1265 426 1338 duobus
451 1265 575 1358 modis,
602 1290 690 1358 uno,
725 1266 834 1363 qualia
865 1274 942 1339 sunt
974 1291 1057 1365 quae
1090 1277 1127 1343 tu
1157 1294 1194 1368 p.
1221 1273 1257 1344 7.

148 1368 297 1460 attulisti,
332 1369 408 1444 ἄνα
434 1366 476 1442 δὲ
503 1371 570 1467 κρῖ
591 1368 724 1444 λευκὸν
751 1371 896 1464 ἔμιξαν·
932 1369 1071 1454 ὕδατος
1105 1373 1181 1447 ἄνα
1207 1378 1257 1447 εἲ-

67 1511 68 1514 *
147 1495 232 1546 κοσι
261 1471 377 1570 μέτρα
406 1480 536 1573 χεῦεν,
578 1496 660 1569 quae
691 1472 771 1542 nihil
803 1473 890 1545 aliud
922 1472 1125 1570 significant,
1162 1499 1258 1572 quam
1393 1490 1397 1507 ¹

148 1574 234 1671 quod
258 1599 318 1646 uos
335 1574 481 1648 'dicimus
507 1573 635 1645 dcccc
661 1573 780 1661 thum·
805 1576 921 1667 altero,
948 1600 1011 1673 quo
1033 1577 1160 1649 initium
1185 1575 1257 1650 fieri

146 1677 319 1768 iudicatur,
347 1685 381 1750 et
405 1677 498 1775 quasi
521 1679 633 1750 iacens
660 1677 737 1774 quid
762 1678 886 1770 attolli,
920 1679 1029 1774 qualia
1060 1687 1136 1752 suut
1161 1679 1256 1755 ἅνα-

145 1777 375 1878 βάλλεσθαι,
401 1783 578 1868 ἀνειπεῖν,
613 1780 710 1853 sicuti
735 1805 795 1853 uos
821 1778 1009 1869 achelon,
1043 1782 1258 1876 uascagea,

146 1905 330 1977 catagam.

236 1985 425 2059 Praeterea
447 1985 483 2057 in
514 1986 624 2077 modo,
656 2010 724 2084 ,quo
751 1983 791 2059 de
822 1984 951 2058 illarum
982 1986 1258 2086 praepositionum

146 2114 208 2163 usu
233 2089 427 2181 disseruisti,
453 2089 487 2162 id
512 2089 630 2161 videris
654 2089 892 2162 incommodum
922 2090 1097 2163 lectoribus
1122 2091 1255 2184 secisse,

146 2192 232 2292 quod
257 2215 354 2290 saepe
378 2193 652 2290 praepositionem
685 2192 814 2288 quidem
848 2217 922 2266 cum
953 2193 1082 2265 nomine
1116 2195 1255 2278 coniun-

146 2305 234 2370 ctam
258 2295 408 2387 attulisti,
436 2295 495 2367 sed
520 2294 657 2366 omisisti
682 2274 868 2367 verbumst
887 2291 936 2367 At
966 2295 999 2367 id
1025 2297 1166 2368 manime
1191 2321 1254 2369 ue-

146 2391 325 2474 cessarium
349 2406 411 2490 est,
438 2397 514 2496 quia
539 2397 658 2470 omisso
683 2398 781 2470 uerbo
795 2420 893 2495 saepe
913 2398 1076 2471 nescimus
1093 2406 1256 2472 motumue

147 2525 190 2574 au
214 2501 355 2599 quietem
380 2511 428 2572 an'
445 2500 712 2598 qualemcumque
737 2501 874 2599 denique
906 2501 1064 2574 rationem
1095 2499 1257 2600 significet

146 2604 356 2703 praepositio.
751 2656 767 2705 ,
1162 2610 1165 2616 ’
1306 2679 1310 2687 ,

249 2706 312 2778 His
337 2705 524 2804 praemissis
549 2707 592 2781 ad
617 2731 657 2780 ea
682 2731 765 2806 quae
798 2705 959 2805 scripsisti
992 2730 1044 2778 me
1077 2705 1255 2798 conferam,-

148 2818 186 2883 ut
209 2809 261 2883 vel
286 2809 525 2882 obseruationes
551 2810 675 2907 aliquas
699 2811 741 2882 iis
767 2809 895 2902 addam,
921 2809 992 2901 uel,
1020 2807 1050 2879 si
1075 2808 1153 2904 quid
1177 2807 1256 2880 milri

147 2913 243 2986 aliter
267 2919 488 3010 comparatum
515 2937 587 2985 esse
613 2921 670 2986 aut
695 2912 807 2984 ordine
832 2903 897 2983 alio
923 2910 1046 2984 rectius
1071 2909 1191 3008 exponi
1205 2908 1256 2981 ui-

147 3014 273 3107 deatur,
299 3015 452 3113 deinceps
477 3014 610 3087 afferam
635 3023 731 3113 atque
757 3015 930 3088 declarem.
1436 3075 1437 3079 ,

246 3115 352 3214 Igitur
383 3119 488 3215 primo
521 3143 556 3216 p.
591 3119 628 3191 5.
662 3143 754 3216 seqq.
787 3117 843 3189 ulri
876 3116 975 3191 rerba
1007 3115 1145 3190 attulisti
1181 3139 1256 3188 oum
1358 3132 1362 3137 '

147 3219 222 3298 ἀνὰ
247 3221 429 3317 composita
460 3221 514 3294 uel
538 3245 610 3293 eam
642 3221 914 3320 praepositionem
946 3245 1007 3319 per
1037 3219 1154 3292 tmesin
1186 3218 1257 3289 dis-
1364 3227 1369 3248 ¹

145 3324 289 3396 iunctam
313 3321 476 3416 labentia,
502 3323 703 3415 ἅνέζεσθαι
726 3349 831 3422 neque
855 3325 891 3397 in
911 3332 948 3412 '§.
970 3327 1006 3396 6.
1034 3321 1256 3412 differendum,

96 3521 98 3524 ι
147 3449 264 3524 neque,
289 3424 346 3496 ubi
371 3424 411 3496 de
438 3450 477 3498 eo
504 3426 649 3520 disseris,
675 3453 710 3526 p.
740 3432 800 3501 10.
827 3427 861 3500 iu
877 3426 1107 3500 dubitationem
1131 3446 1257 3497 vocau-

147 3528 223 3600 dum
247 3527 348 3599 luisse
372 3528 535 3601 existimo.
586 3529 663 3603 Non
688 3531 833 3629 pertinet
853 3554 913 3623 eo,
950 3527 1035 3626 quod
1067 3526 1113 3599 ibi
1143 3548 1258 3623 prom·

146 3630 241 3729 psisti
265 3654 310 3703 ex
335 3626 458 3725 Odyss.
483 3631 605 3724 XXIl,
633 3637 721 3706 239.

248 3731 343 3827 αὐτὴ
368 3732 408 3808 d'
436 3733 680 3820 αἰθαλόεντος
706 3736 780 3812 αἰνὰ
806 3731 984 3837 μεγάροιο
1010 3732 1185 3829 μέλαθρα

249 3835 335 3926 ἕζετ’
361 3837 557 3922 ἀναΐξασα.

145 3937 234 4014 Nam
264 3939 311 4010 ibi
349 3949 460 4036 aperte
494 3941 569 4017 ἀνὰ
602 3941 777 4038 μέλαθρα
814 3941 999 4024 ἀναΐξασα
1034 3939 1256 4035 coniungenda
1341 3960 1343 3964 ·

145 4049 233 4136 suut,
260 4041 415 4132 ἵζεσθαι
439 4052 548 4118 autern
572 4069 633 4142 per
658 4069 694 4145 se
720 4050 860 4117 constat.
911 4040 981 4116 Sed
1007 4041 1064 4115 illa
1089 4039 1255 4141 Apollonii

91 4214 96 4218 .
146 4146 233 4240 dico,
258 4143 289 4238 I,
319 4149 430 4220 1170.

583 4306 585 4314 ι
639 4253 730 4327 ¹t’c‘rsor
757 4248 795 4322 δ’
826 4247 925 4340 ἵζετο
953 4259 1038 4351 σιγῇ

297 4340 534 4428 παπταίνων·
