2948 4898
421 320 665 385 nuscum
684 321 958 388 snnclnlun.

233 479 373 555 validum
397 482 483 555 bello
509 506 582 581 par,
608 481 759 576 Atridae,

157 584 206 658 45
233 583 373 658 classem
397 582 558 682 Argiuum
583 586 813 680 millenatitam,

232 711 331 785 grave
357 689 568 786 praesidium,

282 792 390 888 patria
415 791 559 865 eduxero
583 791 713 885 relicta,

232 915 384 990 magnum
410 919 454 967 ex
479 895 585 968 annno
610 895 827 969 vociferantes

230 996 392 1090 Martem,
419 998 504 1070 natis
529 1005 567 1071 ut
590 998 724 1071 vulturii
879 1077 882 1080 ,

157 1096 207 1172 50
231 1099 355 1197 raptis,
381 1100 458 1173 nido
484 1100 541 1198 qui
565 1126 664 1199 super
689 1088 756 1177 alto

233 1202 320 1299 gyris
345 1203 481 1278 volitant

231 1305 358 1403 trepido
384 1307 508 1379 alarum
534 1330 609 1381 curn
633 1302 784 1403 remigio,

232 1409 309 1507 quia
333 1409 519 1508 pullipremi

283 1513 410 1586 cruciat
434 1513 563 1587 iactura
585 1512 720 1585 laboris.

156 1613 205 1689 55
232 1611 280 1687 At
306 1614 346 1688 de
363 1617 490 1713 superis
516 1616 568 1689 vel
593 1615 665 1712 quis
690 1612 826 1711 Apollo,

233 1718 283 1793 uel
307 1716 393 1811 Pan,
419 1719 472 1790 vel
495 1717 664 1817 Iuppiter,
689 1717 832 1812 aligerae

231 1821 322 1894 vocis
347 1828 464 1894 acutae
489 1821 661 1894 stridorem
686 1820 789 1912 audit,

231 1924 394 2021 mittitque
419 1924 496 1996 olim
521 1926 608 2021 rapti
633 1946 810 1996 memorem

283 2023 405 2100 Furiae
429 2028 642 2124 peccantibus
667 2027 764 2099 iram.

157 2130 207 2206 60
232 2126 295 2203 Sic
321 2138 355 2203 et
379 2127 514 2202 Atridas
540 2130 671 2227 grauior
696 2128 816 2201 vindex

232 2233 321 2306 laeso
347 2233 488 2330 hospitio
513 2233 549 2305 in
572 2232 728 2307 Paridem
752 2229 852 2305 mittit

232 2334 392 2434 Iuppiter,
417 2360 555 2409 uxorem
581 2337 622 2410 ob
647 2334 843 2409 multiviranu

232 2439 368 2511 multum
393 2463 546 2512 manuum
571 2463 767 2536 sacrumque
792 2437 905 2516 labo·¹

231 2566 302 2615 rem
327 2549 423 2639 atquc
448 2543 483 2613 in
509 2567 626 2640 campo
649 2542 755 2615 flexos
779 2538 922 2640 poplites

157 2646 205 2721 65
231 2644 417 2742 fractaque
443 2645 554 2718 hastas
579 2670 639 2743 per
663 2645 824 2743 primores

284 2747 527 2845 dispensaturus
552 2744 701 2839 Achivis,

232 2850 421 2947 Troiaeque
447 2850 557 2923 simul.
608 2848 775 2948 Quidquid
800 2857 928 2947 gestum
955 2856 1018 2942 est,

231 2961 271 3030 ut
293 2953 362 3028 lata
384 2953 497 3027 iubant
520 2951 726 3052 perficietur:

231 3081 297 3131 non
322 3056 480 3129 adolendo
505 3081 568 3129 nec
592 3056 723 3128 libando

157 3161 208 3234 70
232 3183 295 3234 nec
319 3159 529 3233 lacrumando
555 3159 642 3231 laud
665 3159 729 3233 nite
752 3159 838 3235 litati

283 3263 411 3336 leruens
436 3238 620 3361 placalitur
644 3263 707 3335 ira.

232 3363 303 3438 Nos
327 3365 478 3438 inhonori
503 3367 608 3458 senio,
633 3365 723 3439 illius

232 3467 310 3563 belli
337 3468 442 3541 orbati
466 3468 563 3540 laude
588 3491 755 3542 manemus

232 3569 371 3662 resides,
397 3570 511 3643 lulcris
757 3581 761 3590 ’

157 3673 205 3746 75
232 3674 331 3747 robur
355 3672 480 3771 puerile
504 3673 622 3771 pedum
648 3672 741 3765 lulti3

231 3800 369 3951 nanplque
394 3776 540 3951 nppfillae
565 3801 664 3874 quum
688 3795 725 3854 su
751 3779 909 3853 extollunt

233 3904 293 3954 cor
315 3905 333 3951 e
358 3904 410 3952 me
479 3903 530 3972 ae,

232 3982 363 4056 senibus
388 3982 529 4074 similes,
555 4006 618 4055 nec
642 3981 752 4055 Marte
778 3983 905 4080 vigent:

54 4140 60 4152 .
235 4093 269 4159 et
293 4086 429 4159 canities
454 4084 568 4158 froude
593 4084 719 4163 caduca

159 4189 209 4263 80
233 4189 376 4287 tripedes
402 4212 535 4285 gressus
558 4187 669 4279 librat,
695 4213 798 4287 puero

234 4314 329 4388 mage
355 4290 511 4384 debilior,
537 4290 706 4390 medioque
730 4291 784 4367 dio
