2948 4898
480 352 865 440 munuruournv's
888 383 941 475 ει.
1218 375 1282 444 ιιι

269 537 386 612 altreio
411 528 545 612 ἰδόντα
568 537 741 636 μηχανὴν
766 535 1022 639 πτερώματος,

162 670 166 675 ·
268 633 359 713 τάδ’
386 639 456 735 οὐχ
480 637 542 715 ὑπ’
570 642 708 736 ἄλλων,
735 641 829 719 ἀλλὰ
860 648 938 728 τοῖς
970 642 1095 720 αὐτῶν
1132 652 1279 743 πτεροῖς

268 737 537 840 ἁλισκόμεσθα.

163 873 337 972 πεποιηκε
361 877 436 980 γὰρ
463 911 483 956 ο
470 877 747 977 Αἲσχύλος’
723 882 835 960 erardo
848 880 1115 983 τρωννύμενον
1131 883 1196 958 καὶ
1220 885 1277 959 λε’-

162 1000 286 1081 γοντα
307 990 442 1071 ταῦτα,
468 983 592 1080 ἐπειδὴ
618 983 757 1060 alde
717 1014 760 1060 το
794 986 950 1084 βέλος
934 987 1189 1112 επτιρωιιένον
1213 986 1278 1063 καὶ

162 1084 448 1183 ἐμπεπαρμένον
473 1087 588 1186 adop).
643 1085 747 1159 Aliud
779 1089 928 1163 scholion
961 1090 1030 1163 sic·
1062 1094 1162 1174 τοῖς
1194 1089 1276 1166 αὖ

162 1192 258 1263 τῶν
282 1194 484 1288 πτεροῖς.
511 1188 601 1266 ὅλον
624 1200 737 1267 τοῦτο
770 1193 810 1266 ἐκ
842 1191 1111 1291 Μυρμιδόνων
1134 1189 1277 1288 Αἰσχύ-

163 1294 253 1364 λου·
286 1290 370 1387 οὐχ
401 1292 476 1368 ὑπ’
512 1293 666 1371 ἄλλων
699 1293 813 1370 ἀλλὰ
846 1302 945 1380 τοῖς
978 1296 1134 1371 αὐτῶν
1166 1324 1277 1370 πτε-

159 1397 266 1490 ’ροῖς
292 1391 646 1492 ἁλισκόμεσθα,
682 1397 769 1472 αντὶ
792 1406 862 1479 τοῦ
888 1401 1034 1482 ἑαυτοῖς
1066 1406 1187 1473 ταῦτα
1211 1426 1277 1473 πε-

159 1491 381 1603 ποιήκαμεν.
453 1497 565 1572 Habet
600 1497 763 1631 Aeschyli
793 1526 907 1575 uersus
945 1503 1044 1575 etiam
1081 1499 1253 1575 Suidas
1241 1528 1278 1573 m
1335 1511 1338 1515 ’

160 1599 274 1676 ταυτὶ
296 1601 380 1699 μέν,
405 1601 509 1674 ιλιὶ“
489 1633 508 1677 o
537 1601 628 1679 δὲ
607 1629 685 1678 εστι
695 1599 863 1698 μύθων,
890 1613 924 1678 et
948 1606 1124 1677 maximam
1149 1612 1276 1702 partem

160 1700 199 1774 in
222 1703 293 1799 οὐχ
316 1702 378 1779 ὑπ’
406 1706 543 1782 ἄλλων.
595 1706 693 1799 Quod
716 1707 884 1803 Reisigius
909 1706 1108 1780 inCcniect.
1134 1733 1169 1805 p.
1185 1710 1274 1839 208.

160 1804 340 1880 mirahatur
358 1832 427 1883 ιιι
452 1808 622 1906 Toupium
645 1833 708 1888 uec
732 1807 916 1882 Pomouum
950 1808 1000 1892 εἷς
1026 1809 1109 1884 δ”
1096 1815 1174 1884 εστι
1198 1806 1275 1909 μύ

159 1906 251 1986 ’θιιν
274 1910 460 2007 scripsisse,
486 1912 603 1983 merito
627 1910 834 2030 reprehendit
857 1910 1086 1986 Frituschius
1074 1938 1109 1984 m
1122 1912 1279 2033 Quaestt.

159 2008 428 2111 Luc.p.164.
484 2013 583 2086 Multi
615 2013 820 2111 scriptores,
855 2016 912 2113 qui
941 2015 999 2086 illa
1030 2015 1197 2114 paroemia
1222 2016 1274 2088 usi

160 2110 316 2212 Aeschyli
342 2141 470 2188 uersum
495 2124 729 2213 respexerunt,
755 2117 912 2190 nominati
943 2124 1042 2191 sunt
1051 2143 1072 2190 a
1105 2116 1274 2192 Gatakero

160 2216 198 2288 in
220 2214 308 2291 Adu.
335 2218 443 2316 pesth.
468 2244 504 2339 p.
533 2220 621 2293 538.
647 2244 732 2318 serp,
758 2243 779 2291 a
802 2217 952 2293 Pomone
979 2220 1021 2291 ad
1034 2218 1154 2319 Eunp
1179 2221 1273 2294 Med.

165 2323 251 2394 139.
283 2319 384 2394 VllI.
429 2323 560 2418 quicum
595 2322 831 2419 comparandus
871 2321 1111 2395 Valckenarius
1150 2323 1194 2396 ad
1230 2323 1273 2396 fr.

161 2420 293 2497 Gallim.
318 2448 354 2520 p.
381 2427 483 2517 286„
510 2449 531 2497 a
554 2423 759 2498 Blomlieldio
774 2422 950 2523 adAgam.
967 2429 1070 2518 796„
1096 2450 1117 2498 a
1142 2423 1274 2499 Sohae-

160 2525 231 2599 lero
257 2525 300 2598 ad
323 2523 493 2624 Aesopum
516 2553 552 2627 p.
582 2531 667 2601 136.
717 2526 815 2617 Adde
841 2526 1005 2602 Galenum
1037 2528 1077 2600 de
1109 2527 1271 2624 llippocr.

158 2628 196 2701 'et
219 2626 308 2703 Plat.
334 2630 466 2727 placitis
491 2630 539 2703 T.
565 2628 596 2702 I.
622 2655 657 2727 p.
685 2633 773 2704 280.
801 2630 853 2702 ed.
879 2629 961 2702 Bas.
995 2631 1063 2702 siue
1089 2629 1137 2702 T.
1164 2627 1210 2702 V.
1237 2656 1271 2728 p.
1331 2661 1337 2673 ·

161 2730 251 2804 395.
277 2731 330 2804 ed.
356 2730 454 2830 Lips.
505 2731 560 2805 De
585 2732 703 2804 fabulis
728 2731 907 2829 Lihysticis
940 2733 1092 2805 disseruit
1124 2730 1274 2815 (ἳιιιιιι-Ι

159 2834 251 2906 tus
239 2859 275 2905 m
299 2835 382 2906 lihro
409 2836 450 2907 de
475 2832 610 2954 Aesopo
636 2844 670 2908 et
693 2834 810 2906 lahulis
836 2831 990 2932 Aesopiis
1022 2862 1056 2932 p.
1083 2839 1146 2908 79.
1181 2859 1272 2930 seqq.

262 2933 367 3008 Αιιιι
391 2937 491 3034 igitur
514 2938 682 3034 requirens
707 2933 923 3009 Achillesilla
937 2938 1077 3029 dicebat,
1104 2961 1187 3035 quae
1210 2961 1273 3008 ex-

160 3030 249 3113 sont
281 3040 367 3137 apud
400 3040 607 3113 scholiastam
639 3037 869 3136 Aristophanis
911 3040 953 3112 ad
984 3040 1090 3114 hoc
1078 3065 1115 3111 m
1146 3037 1272 3111 Avibus
1372 3076 1374 3080 ⁸

158 3165 193 3214 r.
223 3145 333 3216 1420.
359 3152 519 3243 πτερῶν,
544 3152 693 3244 πτερῶν
716 3141 793 3220 dei.
819 3141 987 3244 παρὰ
947 3172 990 3219 το
1015 3139 1249 3240 Αἰσχύλου
1232 3171 1273 3218 εκ

157 3241 444 3348 ’Μυρμιδόνων

314 3383 452 3477 ὅπλων,
479 3385 605 3461 ὅπλων
630 3386 698 3460 δεῖ.

159 3519 243 3594 Veri
268 3520 373 3594 simile
399 3530 450 3595 est
475 3531 595 3617 autem,
621 3524 657 3593 in
682 3530 828 3594 extrema
843 3522 953 3594 lahula
971 3520 1162 3620 apparuisse
1174 3517 1272 3590 The-

159 3623 272 3717 tidem,
299 3649 381 3722 quae
407 3650 444 3698 se
469 3649 560 3698 mma
584 3649 606 3696 a
629 3624 782 3698 Vulcano
807 3625 978 3697 allaturam
1001 3623 1218 3721 promitteret.
1244 3671 1248 3679 -

490 3810 943 3993 uuuurous
1271 3859 1319 3928 ιι

154 4065 158 4072 ·
260 4037 438 4112 Nereidum
462 4036 619 4135 Aeschyli
642 4039 748 4112 tenuis
772 4037 859 4109 lama
883 3986 1016 4133 superat
1030 4042 1182 4133 quattuor
1193 4059 1268 4107 em

136 4142 232 4238 ¹guis
254 4142 457 4243 fragmentis.
521 4141 621 4215 Nullo
653 4142 749 4213 modo
783 4149 890 4213 tamen
915 4139 1042 4211 uidetur
1072 4138 1268 4211 credendmn

160 4267 247 4336 esse,
270 4238 360 4342 quod
391 4245 571 4317 Welckero
605 4245 684 4316 satis
718 4251 841 4316 sertum
874 4242 978 4316 uisum
998 4242 1109 4342 est,
1098 4267 1133 4312 m
1157 4241 1269 4340 priore

159 4355 255 4446 parte
279 4347 420 4442 lahulae,
447 4368 545 4446 quum
570 4347 680 4421 statim
705 4347 745 4418 ab
766 4346 858 4441 initip
874 4346 993 4420 chorus
998 4320 1271 4480 Nereidumeum
