2978 4884
135 272 136 276 '
191 305 235 371 οι
443 305 1047 370 nurnrunronnrronrnvs

242 468 345 544 566.
357 466 460 566 άμφί
482 467 514 541 τ’
527 464 749 568 άριςεὺοντα
771 463 978 564 Μαχάονα,
1004 467 1161 568 ποιμένα
1177 475 1295 547 λαῶν·

241 571 330 647 568.
355 577 411 700 uqi
436 575 484 667 ῥα
508 569 749 669 περίὺιλεισαν
772 572 885 669 μένεα
901 569 1088 656 πνείοντες
1109 571 1271 668 Ἀχαιοι,

350 668 482 770 μήπως
508 701 577 770 μιν
600 673 773 771 πολέμοιο
797 674 1110 771 μετακλινθέντος
1136 676 1264 762 ἕλοιεν,

184 834 218 899 ct
242 824 368 923 reliqua
391 849 493 922 usque
519 823 617 900 adv.
643 825 731 901 526.
758 849 853 924 quem
879 825 1141 923 excipiebantr.
1167 829 1295 902 618-

184 930 275 1001 643.
324 925 407 1000 Inde
431 927 628 1021 Patroclus,
662 931 797 1027 opinor,
832 953 897 1000 non
930 925 1071 1001 Achillis
1091 930 1203 1023 iussu,
1237 928 1297 1003 scd

184 1037 300 1128 suopte
331 1038 421 1104 motu
452 1030 655 1103 sciscitatum
688 1030 801 1103 aderat
840 1055 903 1127 quo
936 1030 971 1102 in
1004 1039 1093 1104 statu
1124 1040 1212 1104 esset
1241 1056 1296 1104 res

183 1129 400 1206 Graecorum.
453 1131 517 1206 cui
548 1131 583 1203 id
609 1132 777 1230 explicans
809 1129 934 1207 Nestor
964 1135 999 1206 in
1030 1134 1205 1207 vulneratis
1229 1158 1296 1206 nu-

183 1234 329 1307 merabat
358 1259 391 1308 τ.
418 1237 506 1308 662.
539 1232 760 1332 Eurypylum,
801 1259 897 1331 quern
929 1261 1077 1330 versum,
1112 1236 1296 1310 damnatum

182 1334 367 1430 amiticia,
407 1338 494 1434 quod
518 1337 661 1409 nondum
685 1338 871 1412 vulocratus
897 1347 984 1412 esset
1007 1337 1205 1437 Eurypylus,
1230 1339 1296 1413 iam

181 1447 273 1539 patet
309 1439 362 1512 vel
400 1440 540 1512 maxime
577 1439 763 1535 genuinum
790 1464 881 1534 esse,
926 1448 1019 1539 parte
1051 1441 1125 1513 libri
1162 1466 1223 1535 ca,
1260 1441 1296 1513 in

112 1609 114 1613 ,
182 1565 346 1640 quaeum
370 1541 531 1616 vulnerari
554 1567 586 1614 r.
614 1542 702 1616 586.
729 1566 820 1640 seqq.
846 1542 1045 1640 accipimus,
1072 1567 1144 1629 sno:
1158 1543 1295 1617 carmini

181 1643 352 1737 restituta,
385 1644 441 1718 cui
456 1643 529 1730 boc
561 1643 785 1717 continuatum
817 1652 887 1739 est,
919 1646 955 1717 in
979 1653 1048 1743 quo
1068 1642 1191 1719 Nestor
1214 1645 1295 1719 Ma·

182 1743 340 1819 ohannem
364 1746 504 1820 reducit.
554 1743 610 1818 De
636 1769 700 1844 quo
723 1746 779 1819 ille
805 1771 837 1820 r.
864 1749 952 1821 bbl.
978 1746 1198 1823 nondicebat

349 1886 396 1980 ἰῷ
420 1881 494 1958 άπὸ
520 1888 655 1981 νευρῆς
678 1881 925 1980 βεβλημένον,

182 2017 241 2090 sod
265 2017 331 2090 tale
356 2016 445 2120 quid,
465 2017 567 2115 quale
592 2023 624 2093 τ’.
652 2016 741 2091 569.

346 2150 478 2252 μήπως
501 2183 569 2252 μιν
593 2155 765 2252 πολέμοιο
790 2153 1102 2252 μετακλινθέντος
1127 2155 1241 2232 ἕλοιεν

348 2262 471 2356 Τρῶες
496 2256 715 2356 ὑπέρθυμοι
739 2256 986 2354 δεδμημένον.

180 2392 353 2490 Reliquam
377 2391 529 2468 Nestoris
555 2395 748 2487 orationem,
787 2417 869 2490 quae
894 2417 986 2465 suam
1012 2393 1075 2465 sibi
1100 2392 1290 2467 considera-

180 2496 302 2571 tionem
325 2497 474 2594 requirit,
500 2521 588 2570 nnnc
612 2521 679 2571 non
703 2495 879 2592 attingam:
906 2495 965 2568 sed
983 2495 1158 2569 cohaerent
1182 2495 1291 2568 omnia

181 2606 272 2672 recte
296 2623 400 2696 nsque
425 2597 588 2672 adfinem
612 2598 698 2673 libri.
757 2599 840 2672 Inde
865 2597 1082 2696 sequebantur
1104 2595 1188 2671 XV.
1214 2601 1290 2674 366

72 2748 75 2752 ι
181 2703 328 2775 -lob
353 2709 389 2779 et
411 2726 478 2776 nno
502 2702 640 2776 lortasse
665 2701 807 2775 alterove
838 2725 944 2775 versu·
964 2700 1165 2800 interpositis
1188 2699 1290 2778 XVI.

180 2808 217 2877 2.
242 2827 278 2878 se
323 2854 334 2878 .

280 2829 532 2981 ilbusideremus
563 2906 629 2979 iam
654 2905 743 2979 aliud
775 2929 841 2979 non
872 2905 1005 2978 minoris
1037 2905 1289 3002 perturbationis
1355 2924 1357 2929 ’

179 3007 374 3106 exemplum.
425 3007 599 3083 Nestorem
622 3009 767 3082 ridemus
782 3010 818 3081 in
832 3008 917 3082 bbro
930 3004 998 3079 Xl.
1016 3031 1092 3081 cum
1105 3007 1289 3082 Machaona

136 3118 226 3188 l2ex
257 3112 381 3209 proelio
414 3135 579 3183 reversum
610 3110 645 3182 in
685 3111 826 3186 tentorio
860 3134 920 3183 suo
954 3108 1067 3183 sedere
1099 3115 1134 3182 et
1165 3108 1287 3184 bibere.

181 3214 236 3290 lta
259 3213 351 3287 sedet
376 3213 474 3285 etiam
496 3210 598 3285 XIV.
622 3213 734 3307 initio,
768 3213 827 3288 sed
851 3210 963 3285 audito
988 3211 1126 3386 strepitu
1157 3219 1192 3285 et
1215 3211 1288 3285 cla·
1409 3216 1413 3223 '

180 3341 270 3391 more
296 3315 376 3392 dicit
400 3315 597 3391 Machaoni.

332 3450 454 3552 αὐτὰρ
481 3450 578 3555 tyele
603 3447 752 3530 aleos
754 3449 851 3547 τάχα
876 3454 1023 3549 εἴσομαι
1038 3450 1287 3551 ἕςπεριαπήυ.·

179 3588 284 3666 Foras
309 3615 460 3690 egressus
485 3590 595 3663 statim
620 3591 718 3684 ridet,
746 3615 810 3688 quo
833 3589 870 3691 in
893 3587 968 3663 loco
992 3614 1048 3664 res
1071 3589 1132 3664 site

345 3752 412 3839 στῆ
438 3742 479 3819 ul’
508 3742 612 3829 ἐκτὸς
637 3741 798 3839 κλισίης,
822 3736 920 3869 τάχα
945 3741 985 3817 ‹l'
1012 3742 1143 3827 ελςιὺεν
1177 3745 1287 3844 ἔργον

790 3844 918 3932 αεικές,

254 3968 258 3977 ·
344 3947 431 4031 τοὺς
463 3977 534 4045 μεν
567 3949 830 4050 ὀρινομένους,
871 3946 960 4124 epiro
992 3946 1035 4023 ‹lo
1069 3948 1286 4073 κλονέοντας

788 4051 876 4126 όπισ
909 4077 951 4126 εν

351 4150 481 4250 Τρῶας
535 4151 800 4252 ὑπερθύμους.
864 4152 1030 4253 ερέριπτο
1079 4151 1121 4228 (λε
1166 4177 1283 4281 ταχος

572 4293 574 4297 ’
783 4257 961 4352 Ἀχαιῶν.
