2948 4898
584 377 783 441 nonum.
1197 373 1241 441 db

281 543 388 634 Ζῆνα
407 536 448 612 δ’
475 537 528 612 ἐπ’
555 535 762 637 ἀκροτάτης
795 542 963 638 κορυφῆς
987 533 1239 622 πολυπίδακος

725 639 824 735 Ἴδης
1349 643 1357 655 “

275 743 416 840 ἥμενον
441 736 608 826 ciceides*
635 742 788 843 ςυγερὸς
814 741 861 817 δέ
882 742 922 816 οἱ
945 742 1071 815 ἔπλετο
1097 745 1235 842 θυμῷ·

122 878 176 952 ltu
209 878 340 976 cingula
371 903 394 950 a
424 877 556 952 Venere
586 886 725 977 acceptu
756 878 792 950 in
825 877 993 976 amplexus
1027 902 1105 952 suus
1138 879 1238 953 trabit
1286 849 1302 882 l

121 979 233 1055 lovem
257 981 403 1055 adiutare
428 978 568 1074 Somno,
595 981 650 1079 qui
674 981 730 1052 ubi
755 980 897 1078 sopitum
916 981 1004 1054 ridet
1018 979 1143 1074 levem,
1169 982 1235 1057 iarn

120 1083 207 1157 bono
239 1084 347 1157 auimo
386 1107 459 1156 esse
492 1082 681 1181 Neptunum
722 1092 756 1156 et
794 1081 932 1156 tidenter
964 1107 1060 1182 cpern
1093 1080 1285 1165 Graecisll

121 1186 208 1259 lerre
231 1185 334 1259 iubet.
385 1185 479 1259 Ilaec
512 1185 642 1283 egregie
676 1185 850 1258 cohaerent
884 1209 986 1282 usque
1019 1184 1062 1260 ad
1086 1213 1119 1260 v.
1145 1192 1239 1265 401,

122 1286 193 1362 Gur
223 1312 300 1362 uere
332 1287 390 1360 illa
420 1297 508 1361 nunc
542 1288 707 1385 discerpta
738 1281 921 1361 habemus?
986 1287 1081 1361 Nun·
1096 1289 1237 1366 obscura

121 1415 241 1464 caussa
264 1398 328 1464 est.
378 1388 595 1464 Intexendurn
620 1389 716 1462 lliadi
749 1397 821 1462 erat
846 1414 999 1482 cannen,
1034 1391 1070 1462 in
1102 1410 1167 1489 qun
1201 1404 1236 1475 et

70 1497 90 1544 -’
120 1470 292 1593 Neptunus
318 1493 485 1591 suppetias
510 1493 574 1566 lert
510 1490 760 1584 lGraccis,
788 1499 822 1564 et
846 1493 959 1590 vigilat
982 1492 1142 1612 luppiter.
1193 1495 1262 1571 Id

120 1620 199 1692 erge
224 1619 290 1670 ucn
314 1596 456 1695 putuit
445 1596 559 1688 inseri,
585 1595 642 1667 ubi
667 1588 807 1669 dermite
831 1593 943 1668 levem
975 1597 1108 1671 scimus.
1160 1597 1257 1680 Ne-,

118 1707 239 1798 ptunns
264 1707 374 1772 autern
398 1699 549 1795 queniam
573 1721 727 1796 praesens
753 1704 824 1790 est,
849 1721 926 1802 pars
952 1698 1085 1770 alterius
1111 1702 1234 1775 carmi-

118 1801 170 1874 nis
196 1826 255 1895 ca,
289 1802 325 1874 in
358 1825 422 1900 qua
454 1802 609 1874 adventus
643 1801 713 1874 cius
748 1792 959 1893 describitur,
992 1801 1160 1876 avellenda
1191 1806 1233 1878 ab

118 1904 175 1978 illu
202 1931 221 1979 ο
304 1928 345 1979 ne
370 1911 442 1977 crat
467 1911 501 1978 et
524 1903 571 1976 ibi
597 1902 800 1996 ccllecanda,
826 1903 883 1976 ubi
908 1902 987 1977 deus
1008 1905 1065 1978 ille
1090 1907 1233 1982 nundum

117 1930 313 2082 adrendlbrsldl.
364 2004 413 2080 At
435 2006 470 2079 id
495 2030 592 2105 quarn
617 2006 701 2078 male
726 2007 849 2079 lactum
872 2006 927 2100 sit,
954 2000 1052 2082 etiarn
1077 2009 1149 2082 aliis
1174 2035 1232 2085 an·

117 2112 280 2207 gementis
305 2111 526 2207 cognescitur.
585 2108 672 2182 lllud
704 2102 790 2206 quud
822 2109 892 2181 dixi
923 2134 1073 2204 carmen,
1106 2113 1142 2184 in
1167 2139 1231 2211 qun
1262 2118 1266 2132 '

119 2221 154 2287 ct
177 2214 271 2287 adest
294 2211 466 2331 Neptunus
481 2219 514 2286 ct
525 2210 673 2310 Iupprter
690 2211 815 2330 vigilat,
840 2211 960 2306 legitur
978 2211 1081 2285 XIII.
1108 2217 1229 2291 v.3l5

118 2320 258 2392 473.
319 2313 439 2389 Eius
429 2338 536 2414 ipsum
562 2314 672 2389 statim
703 2313 831 2386 initium
857 2314 935 2411 quid
958 2317 1164 2392 statuendum
1188 2320 1232 2394 sit
1338 2412 1343 2419 st

118 2418 233 2494 dccet.
1316 2422 1359 2454 ⁰²·

270 2524 387 2632 τῶδ’
415 2556 534 2657 ἀμφὶς
551 2555 754 2656 φρονέοντε
780 2551 863 2630 δύω
890 2551 1041 2654 Κρόνου
1060 2555 1118 2632 υἱε
1136 2586 1230 2659 κρα-

271 2757 506 2859 ἀνδράσιν
484 2756 645 2890 appulsum
669 2686 934 2856 reebdlpleov'
908 2760 1024 2889 ἄλγεα
1049 2759 1190 2892 λυγρά·

271 2861 366 2947 Ζεὺς
397 2893 469 2962 μεν
504 2864 580 2962 ἄρα
617 2858 783 2962 Τρώεσσι
814 2861 878 2938 καὶ
900 2857 1047 2963 Ἕκτορι
1071 2861 1228 2962 βούλετο

271 3065 464 3145 κυδαίνων
482 3067 640 3166 Ἀχιλῆα
654 2963 937 3164 πόδδξκᾌΐχύν
965 3066 1058 3143 οὐδε
1073 3096 1111 3143 τι
1126 3066 1228 3169 ποίμ-

158 3331 163 3336 .
269 3273 381 3368 ἤθελε
408 3272 501 3349 λαὸν
526 3273 715 3350 ὀλεσθαι’
702 3198 932 3370 ’llpobbbt'ubs‘³
921 3270 1050 3349 Ἰλιόθι
1075 3273 1162 3373 πρό,

271 3374 366 3451 αλλδι
395 3377 502 3453 Θέτιν
527 3373 680 3453 κύδαινε
704 3378 769 3452 καὶ
792 3377 875 3453 υἱέα
900 3372 1200 3507 καρτερόθυμον.

265 3475 460 3609 Ἀργείους
485 3477 527 3554 δὲ
553 3476 781 3554 Ποσειδάων
801 3477 967 3572 ὀρόθυνε
991 3477 1199 3577 μετελθών,

269 3578 395 3680 λάθρῃ
420 3580 656 3690 υπεξοιναδδς
681 3590 809 3678 πολιῆς
835 3578 933 3667 ἁλός.

114 3716 187 3792 Νοο
211 3717 284 3793 leri
308 3719 392 3792 haec
420 3703 627 3813 conveniunt,
653 3720 709 3818 qui
732 3720 855 3817 sepcsit
855 3743 875 3791 a
840 3718 965 3793 tbelli
980 3716 1120 3790 Traiani
1146 3741 1226 3790 cura
1251 3766 1254 3771 «

113 3823 149 3893 in
175 3819 325 3917 Gargara
351 3821 497 3915 sedebat,
522 3847 585 3895 nec
609 3772 777 3920 Neptune,
804 3822 860 3918 qui
892 3829 967 3919 pest
999 3818 1225 3916 splendidissi-

113 3949 201 3996 mum
225 3924 305 3997 illud
330 3925 411 4017 iter,
445 3925 531 4022 quud
563 3925 656 3999 initia
688 3925 763 3996 libri
794 3921 898 3996 ΧΙΠ.
931 3921 1130 4018 descriptum
1161 3929 1223 4016 est,

114 4051 180 4099 ncn
204 4034 334 4124 peterat
359 4026 424 4101 dici
448 4029 534 4101 clam
559 4053 578 4100 e
603 4029 686 4099 mari
712 4026 894 4098 emersisse.
921 4023 1098 4116 Quidverc
1119 4023 1225 4100 'llud-

112 4133 159 4205 θι
184 4125 283 4228 apd?
333 4128 413 4202 Nun
435 4154 524 4204 nuuc
548 4129 590 4202 ad
613 4129 730 4222 lliurn,
764 4129 823 4201 sed
854 4127 896 4200 ad
918 4151 1045 4200 murum
1071 4125 1224 4203 Gracco·

113 4256 185 4304 rurn
211 4256 252 4306 ac
277 4256 360 4331 pene
385 4232 470 4305 ad
459 4257 548 4330 upsas
580 4256 679 4305 naves
711 4230 928 4330 pugnabatur.
989 4227 1129 4304 Scilicet
1153 4238 1224 4305 tcta

112 4335 169 4409 illa
192 4359 314 4433 pugna,
340 4359 423 4432 quae
447 4336 521 4411 istis
544 4336 690 4412 versibus
716 4334 910 4430 continetur,
936 4358 1002 4407 ιιοιι
1026 4333 1166 4433 pertinet
1181 4331 1222 4405 ad

163 4437 297 4513 Ηιιιιιιι.
325 4434 395 4512 Or.
422 4436 495 4514 V.
985 4432 1018 4508 Ε
