2978 4884
185 333 251 405 asa
493 333 557 399 us
577 331 991 420 rravurrocrru

313 495 428 569 rebrat
449 491 571 569 citriam
594 493 838 591 hortabatur,
863 505 912 568 at
935 492 1155 595 operarium

312 600 420 673 allaim
444 599 601 674 Baianae
626 600 804 694 de'gerem
828 603 1003 671 sunctum
1027 597 1137 670 diem.

287 752 330 829 Si
368 755 497 828 omniuo
536 762 709 829 scazontes
749 779 770 826 a
808 753 939 827 scenica
977 752 1070 850 poesi
1110 751 1300 845 abhorrent,

184 858 417 932 multominus
455 858 530 930 talis
555 857 690 930 tolerari
719 864 847 956 potest,
885 856 1013 956 qualem
1037 855 1072 926 iu
1096 855 1202 954 primu
1226 855 1301 927 lra-

185 968 315 1059 gmeutu
341 959 490 1033 Incendii
514 960 678 1034 uidemusz

311 1111 409 1185 illud
435 1122 633 1207 memento,
660 1113 710 1185 ne'
735 1110 828 1211 quid
850 1110 892 1183 ἐκ
911 1109 1052 1212 prubu's
1079 1108 1254 1184 blateras.

184 1265 229 1342 Si
251 1268 397 1341 trimeter
422 1274 473 1338 est
497 1266 551 1339 hic
576 1291 709 1358 uersus,
743 1264 949 1339 scribendum
985 1272 1035 1336 est
1061 1261 1205 1358 blattas,
1237 1289 1301 1362 pru

186 1394 250 1468 quo
275 1369 413 1443 Butbius
439 1369 596 1441 vetustius
623 1367 748 1442 blatis.
799 1367 892 1441 Idem
909 1367 952 1438 aiu
969 1366 1111 1466 primis
1135 1392 1199 1464 pru
1222 1366 1301 1438 ino·-

89 1560 93 1567 ,
185 1472 241 1544 tio
268 1472 388 1545 dictum
413 1471 554 1563 uolebat,
580 1471 615 1542 iu
640 1496 704 1568 quc
731 1494 803 1544 eum
829 1494 894 1542 uun
921 1471 1059 1542 debebat
1084 1472 1178 1567 sequi
1202 1469 1301 1543 Neu·

184 1574 342 1649 kircbius.
393 1571 465 1646 Sed
490 1574 676 1647 credibilius
702 1581 753 1647 est
777 1582 908 1672 poetam
933 1573 1123 1670 scripsisset

311 1724 410 1798 ettad
432 1736 618 1798 memento
643 1725 686 1797 in
702 1724 857 1825 prebeas,
882 1748 930 1796 ne
955 1724 1048 1824 quid
1059 1708 1234 1799 blateras.
1260 1767 1302 1779 —

287 1877 328 1951 Iu
352 1877 562 1953 Inimicurum
587 1881 768 1977 [tegmento
793 1879 897 1976 primu
923 1903 1035 1952 uersus
1060 1879 1218 1954 iambicus
1238 1904 1304 1954 ca-

186 1982 358 2059 talecticus
383 2007 448 2055 uun
473 1984 580 2081 putuit
605 1984 655 2056 sic
679 1982 863 2055 terminarit

315 2175 368 2190 —-
392 2133 515 2207 multu
541 2137 654 2236 aitque
685 2133 846 2207 molesta
880 2118 930 2206 σε’.
961 2133 1084 2232 patria
1116 2145 1164 2208 ut
1194 2133 1303 2208 decta

731 2342 734 2349 Ι
788 2239 995 2333 facessas?

187 2390 255 2465 llic
287 2389 416 2489 quidem
453 2388 673 2465 Neukircbius
704 2392 915 2491 probabiliter
953 2392 1159 2467 Baccbiacus
1199 2393 1301 2466 resti·
1413 2406 1425 2434 ²

187 2501 279 2568 tuere
304 2500 452 2593 peteratz

316 2691 368 2702 -
393 2645 516 2751 multu
541 2657 655 2749 atque
689 2647 850 2847 moles?
883 2670 934 2773 cs.
960 2646 1085 2804 ppcta'n'
1117 2651 1165 2721 att
1195 2648 1303 2723 dicta

823 2774 987 2825 acessus.

190 2904 219 2977 si
244 2911 353 2977 tamen
378 2905 542 3003 scriptura
568 2929 604 2978 se
628 2912 720 2978 recte
745 2905 862 2998 babet,
895 2931 958 2980 uec
983 2907 1198 3003 fragmentum
1223 2907 1300 3000 huc,

189 3008 341 3104 quoniam
367 3008 463 3080 etiam
490 3007 602 3079 dictis
636 3016 670 3081 et
695 3006 820 3079 duatus
852 3010 990 3105 legitur,
1024 3018 1207 3083 correctum
1238 3017 1302 3104 est,

188 3119 360 3207 postquam
386 3112 535 3208 superius
569 3111 709 3208 positum
745 3119 815 3184 erat
846 3120 923 3209 pust
953 3111 1055 3184 Ennii
1086 3136 1234 3204 versum,
1268 3112 1304 3184 iu

189 3236 253 3308 quo
279 3213 392 3283 ultima
418 3220 494 3284 suut
527 3210 634 3284 dictu
649 3213 878 3307 facessunt,
906 3239 1003 3311 quum
1029 3214 1192 3288 debuisset
1216 3215 1304 3288 iule-

189 3315 258 3386 rius
284 3314 374 3410 puni,
400 3314 456 3383 ubi
482 3313 522 3387 de
548 3315 650 3387 altero
676 3314 860 3410 significatu
886 3320 1079 3415 exponitur,
1113 3344 1208 3415 quem
1239 3318 1304 3390 lra-

188 3415 246 3489 bet
260 3417 475 3512 facessere.
528 3417 618 3490 Tum
644 3419 773 3516 quidem
798 3419 847 3492 sic
873 3422 1077 3493 scribendum
1104 3422 1184 3493 erit:

292 3611 344 3624 —
368 3569 491 3643 multu
518 3573 631 3670 (itque
657 3570 817 3645 molesta
843 3594 902 3645 es:
920 3571 1044 3674 pattic'
1070 3585 1116 3646 at
1132 3572 1305 3671 labefa-

801 3676 947 3747 cessus?

292 3821 334 3895 liu
358 3822 488 3899 Liberti
513 3828 692 3925 fragmento
720 3829 862 3902 secundo
896 3830 951 3926 qui
982 3830 1079 3902 uisus.
1105 3839 1155 3902 est
1187 3829 1304 3903 trime-

191 3934 244 4000 ter
267 3928 546 4025 hypercatalectus
573 3956 658 4025 esse,
684 3939 872 4004 tetrameter
907 3939 959 4046 est
990 3930 1220 4026 catalecticus,
1247 3935 1304 4007 cui

192 4027 266 4102 finis
292 4031 403 4106 deestz

253 4208 259 4227 ¹
320 4182 409 4256 nolu
434 4183 499 4259 lu'c
524 4196 563 4260 te
587 4185 734 4260 allecta
769 4185 943 4260 daminus
976 4197 1052 4260 est:
1078 4191 1201 4290 patr,
1225 4187 1306 4282 fa-

802 4313 902 4364 cetae
926 4289 1028 4365 hine.
1054 4333 1105 4348 -
