2948 4898
216 1108 416 1176 BOHVSLAI
436 1107 747 1174 flnssENsrulnu
767 1111 804 1174 L.
822 1112 857 1174 B.
878 1133 920 1174 nr
940 1110 1189 1178 LOBKOWITZ

143 1264 315 1350 nr
405 1262 430 1347 1
519 1221 565 1349 G
651 1264 834 1397 nn
922 1228 1128 1351 M'M
1216 1265 1264 1351 A

369 1455 422 1530 uu
447 1453 685 1531 ruuunus
713 1451 898 1532 GAROLI
922 1453 1031 1549 rur)

589 1689 792 1705 ——nh-

244 1846 319 1955 Ὠ
342 1882 488 1987 ἐτύμως
501 1881 691 1985 ξύμπαντι
706 1891 811 1985 χορῷ
821 1881 1051 1984 nonaullam
1069 1886 1263 1966 Μουσέων

224 1991 397 2092 ψκρουνὲ,
423 1986 548 2068 πόθεν
574 1990 635 2065 σέο
661 1986 812 2118 duppin
835 1985 942 2090 ὕδωρ
976 1986 1101 2084 ὀχετοί
1130 2019 1170 2069 τε
1194 1994 1265 2066 ss—
1318 2024 1323 2036 ·

760 2119 838 2168 ειου

143 2273 439 2288 ⁸*—

227 2373 257 2454 *)
279 2373 393 2433 loannis
416 2373 455 2433 de
477 2371 578 2448 Cano,
601 2369 719 2449 equitis,
740 2369 820 2436 Med.
841 2368 976 2431 Doctoris
1004 2368 1164 2446 clbrissimi,
1198 2389 1267 2432 cura

142 2458 250 2518 factum
272 2465 325 2535 est,
348 2465 380 2520 ut
399 2459 455 2519 hoe
475 2457 666 2519 Lobkowitzii
686 2457 861 2536 epigramma
888 2456 1003 2535 publice
1029 2455 1151 2526 tabulae·
1165 2455 1265 2541 inscri-

142 2551 223 2625 ptum
235 2547 264 2604 in
274 2547 391 2606 thermis
403 2545 543 2605 carolinis
554 2544 749 2623 conspiciatur.
772 2543 854 2602 ldem
863 2543 904 2601 vir
915 2542 1004 2601 edidit
1009 2540 1079 2600 illud
1092 2540 1267 2622 epigramma
1374 2553 1376 2558 '

144 2631 269 2709 eleganti
302 2633 447 2710 doctoque
475 2631 571 2690 libello
603 2629 706 2689 multas
727 2630 758 2687 in
786 2629 898 2706 linguas
925 2647 1054 2688 versum:
1088 2647 1145 2707 qno
1167 2627 1265 2688 libello
1348 2694 1352 2699 ,

143 2736 230 2794 quum
260 2717 296 2776 ab
327 2737 362 2777 eo
392 2719 516 2776 donatus
543 2734 652 2792 essem,
678 2715 754 2775 hane
779 2714 807 2774 ei
834 2715 975 2779 Graecam
1000 2714 1160 2776 versionem
1186 2715 1263 2780 dedi.

56 2824 59 2833 “
143 2801 332 2864 Lobkowitzii
352 2804 424 2864 haee
444 2802 533 2862 verba
554 2790 633 2862 suntr
1076 2784 1091 2829 l

295 2907 375 2967 Fons
396 2905 618 2966 Heliconiadum
638 2904 742 2963 merito
764 2902 936 2964 celebrande
958 2901 1077 2980 cohort,

294 2993 381 3054 Vnde
401 2992 453 3051 tibi
474 2992 573 3051 latices
596 2990 688 3064 calidi,
709 3008 835 3050 venaeve
855 2989 976 3050 meantis

295 3078 456 3158 Sulphuris,
477 3083 526 3137 aut
546 3069 639 3151 rivae,
658 3077 735 3136 dictu
755 3077 893 3152 mirabile,
915 3073 1024 3136 calcisi

257 3213 259 3218 ,
295 3165 352 3225 Per
373 3169 465 3223 terras
487 3162 651 3223 Siculumne
671 3162 744 3240 ignis
766 3163 815 3242 qui
835 3162 973 3244 provocat
992 3161 1115 3224 Aetnam
1191 3231 1193 3236 ,

256 3252 276 3315 5
298 3250 333 3311 ld
354 3248 448 3310 faciti
469 3248 517 3309 An
538 3249 632 3328 Stygii
652 3249 751 3308 forsan
770 3249 872 3309 vicinia
892 3247 967 3310 Ditis

295 3336 358 3395 Has
379 3336 516 3415 tepefecit
536 3332 649 3414 aquas‘l
691 3335 824 3395 Baiarum
844 3336 941 3395 littora
962 3334 1084 3411 cedant,

296 3419 394 3499 Atque
415 3419 611 3481 Antenoreum
632 3427 819 3500 prospectans
840 3422 919 3480 unda
940 3420 1099 3496 Timavum,

294 3506 334 3566 Et
356 3525 430 3585 quae
452 3505 581 3566 caeruleo
605 3507 751 3582 consurgit
772 3507 900 3585 proxima
920 3504 1035 3582 Rheno,

293 3591 455 3653 Nobilitata
476 3596 544 3665 tuo,
566 3591 741 3650 sanctissime
763 3590 867 3650 Carole
889 3608 999 3668 regum,

114 3754 117 3759 Ι
229 3679 421 3745 101nteritu.
466 3679 593 3746 Quantas
616 3677 719 3736 emittit
739 3676 768 3735 in
789 3695 857 3737 aera
877 3675 978 3736 bullas.
1030 3725 1038 3737 .

95 3756 168 3857 Ἠ
295 3763 422 3844 Adspice
444 3782 530 3841 quam
550 3763 627 3823 varie
648 3761 757 3840 lapides
780 3768 810 3822 et
830 3761 973 3822 marmora
993 3762 1097 3842 pingit,

103 3848 111 3863 '
294 3851 351 3911 Per
372 3867 560 3927 quaecunque
580 3849 650 3908 fluit
692 3847 746 3907 Vix
765 3848 829 3927 ipsa
850 3847 990 3906 coloribus
1010 3849 1058 3908 iris

297 3935 427 3997 Collucet
447 3935 578 3999 totidem.
621 3933 701 4014 Felix
722 3951 775 4012 per
795 3933 891 3993 secula
910 3951 1005 4009 mana,

296 4022 375 4082 Fons
396 4039 486 4096 sacer,
509 4020 632 4079 hnmano
654 4019 812 4097 generique
832 4019 959 4079 salutifer
981 4024 1052 4084 esto.

235 4107 275 4171 15
297 4106 403 4167 Redde
423 4106 484 4164 seni
503 4105 611 4165 validas
631 4106 715 4180 vires,
735 4104 914 4184 pavidaeque
934 4104 1047 4184 puellae

296 4192 467 4251 Formosam
487 4191 586 4251 confer
604 4189 717 4265 faciem,
738 4191 902 4267 morbisque
921 4192 1040 4252 medere

296 4277 454 4352 Omnibus,
480 4282 510 4336 et
530 4276 637 4356 patrias
659 4277 778 4336 accedat
798 4277 900 4337 laetior
921 4295 997 4353 oras,

298 4362 433 4445 Quisquis
453 4362 484 4423 in
505 4361 560 4426 lrse
579 4361 696 4445 lympha
716 4361 832 4443 fragiles
852 4361 1021 4428 immerserit
1040 4368 1128 4432 utu.
