2948 4898
506 345 863 414 Tflnocnlrnnn.
1034 352 1040 364 '
1200 345 1245 415 89

83 546 87 550 -
131 503 221 578 Eum
246 504 357 578 dioere
380 515 509 605 putant,
534 531 601 580 non
625 507 728 581 solnm
752 505 905 601 Plutum,
930 507 989 581 sed
1014 509 1112 582 etiarn
1137 506 1244 584 Amo·

131 633 203 680 rem
227 631 364 682 oaeeum
389 633 474 683 esse.
530 608 609 684 Non
634 610 800 704 addueor,
834 618 871 684 ut
895 610 931 682 id
962 611 1031 686 οᾶκ
1057 610 1170 696 αὐτὸς
1194 614 1244 684 si-

132 708 288 808 gnificare
314 711 457 805 orednm,
483 711 554 806 sed,
579 713 610 785 si
634 713 819 813 illapoetne
832 712 1063 808 mensiuisset,
1089 715 1135 792 οὐ
1150 723 1246 812 μοῦ-

133 842 212 906 νσς,
239 814 366 911 opinor,
393 815 543 888 dixisset.
593 814 773 889 Praeterea
796 815 950 890 mirilioas
983 817 1127 892 rationes
1151 819 1246 891 inre-

132 924 251 990 nerunt
275 917 488 1015 interpretes,
522 926 559 992 ut
593 915 841 1016 ἀφρόντιστος
874 918 952 1016 quid
976 928 1064 994 esset
1096 921 1247 1019 expliea-

132 1025 219 1092 rent.
269 1019 355 1094 ofili
379 1021 551 1119 scripsisse
575 1021 703 1094 ridetur
728 1021 946 1095 Theocritus:

237 1156 451 1255 μωμᾶσθαί
473 1159 511 1256 μ’
540 1157 637 1256 ἄρχῃ
669 1155 729 1234 τύ.
762 1158 905 1255 τυφλὸς
937 1157 979 1234 d'
1006 1165 1039 1234 al
1062 1159 1246 1244 καύτὸςὸ

745 1265 932 1355 Πλοῦτος,

207 1361 333 1438 ,ἀλλὰ
374 1361 439 1438 καὶ
489 1361 530 1437 ol'
545 1360 770 1462 φρόντιστσς
800 1366 943 1541 {Epora
992 1364 1114 1464 μηδὲν
1152 1366 1249 1466 μέγα

745 1497 799 1566 μυ
832 1497 886 1544 aa.

136 1600 311 1675 Iro-silere
336 1625 396 1674 me
417 1601 574 1702 accepis.
629 1605 770 1677 Coenos
796 1615 925 1677 nostem
950 1603 988 1676 εἰ
1009 1603 1249 1703 eto‘proePlo-

137 1715 200 1778 tos
232 1716 310 1799 est,
348 1714 393 1777 ot
425 1705 543 1778 etrum
574 1705 694 1778 Amor
732 1706 969 1801 recogitatus
1003 1718 1063 1780 est
1093 1730 1250 1780 coecos:

137 1833 185 1880 ne
211 1818 249 1881 te
274 1807 435 1882 iactato.
485 1807 564 1882 Non
590 1817 712 1883 temere
736 1809 828 1884 Pluti
853 1811 1049 1886 mentionem
1072 1810 1166 1905 iaoit,
1192 1810 1252 1884 sed

137 1919 175 1986 nt
199 1919 292 1986 notet
315 1912 486 2005 Milonem,
513 1912 569 2009 qui
593 1937 698 2012 neque
728 1912 824 2011 inops
849 1923 940 2007 erat,
973 1922 1010 1988 nt
1043 1937 1086 1988 ex
1119 1939 1152 1987 u.
1189 1917 1251 1988 13.

138 2014 323 2112 colligitur,
368 2023 417 2102 et,
447 2023 551 2088 toturn
591 2040 627 2088 se
667 2016 800 2090 dederat
845 2016 1048 2115 quaerendae
1079 2018 1253 2116 penuriae.
1300 2008 1302 2015 ’

134 2113 397 2216 Ἆφρόντιστος
412 2119 539 2217 ’Ἔρως
564 2118 607 2190 ad
630 2119 711 2191 illud
734 2119 819 2193 lueri
853 2120 995 2192 studium
1026 2120 1215 2219 respicienti
1226 2125 1324 2200 1064

59 2254 62 2260 <
138 2219 238 2294 Batto
265 2220 383 2293 dieitur
408 2222 514 2295 antira
537 2229 721 2319 potestate,
754 2222 810 2320 qui
843 2223 950 2296 omnia
982 2231 1114 2321 praeter
1147 2223 1249 2297 amari

139 2323 379 2423 parvipendit.
429 2322 566 2398 Passiue
591 2324 674 2398 dixit
697 2321 880 2422 Aeschylus
904 2322 1024 2422 Agam.
1055 2329 1167 2401 1386.

244 2460 327 2560 ἐμοὶ
351 2460 391 2536 ‹l'
420 2459 525 2562 ᾶγᾶν
551 2459 613 2536 ὅδ’
641 2459 988 2563 οὐκῇᾶφρόντιστος
1013 2462 1129 2540 πάλαι

242 2564 364 2661 νείκης
388 2573 548 2648 παλαιᾶς
571 2560 679 2662 ἦλθε,
706 2565 778 2644 σὺν
799 2563 930 2666 χρόνῳ
954 2597 997 2669 γε
1021 2565 1109 2666 μήν.

242 2701 288 2775 V.
315 2707 377 2776 29.
414 2702 511 2795 Quod
541 2703 637 2799 uulgo
670 2703 808 2801 legitur,
843 2705 920 2779 ἀλλ’
955 2705 1073 2802 douae
1104 2708 1146 2782 ἐν
1175 2712 1253 2790 τοῖς

144 2801 341 2905 στεφάνοις
365 2804 413 2880 τὰ
440 2814 566 2905 πρᾶτα
599 2805 788 2909 λέγονται,
814 2807 908 2879 valde
939 2808 1089 2906 displicet
1120 2817 1254 2906 propter

142 2917 220 2994 τοῖς
245 2909 431 3002 articulum,
458 2932 596 3007 eumque
627 2910 685 2982 illo
718 2911 753 2981 in
777 2934 891 2984 uersus
924 2909 999 2982 loeo
1032 2909 1193 3008 positum,
1218 2910 1254 2982 in

143 3038 221 3110 quo,
248 3013 392 3111 quamuis
407 3012 531 3084 inutilis
557 3010 613 3104 sit,
639 3013 780 3085 maxime
806 3012 990 3086 exauditur.
1042 3012 1183 3105 Quidam
1208 3013 1253 3085 li·
1397 3034 1400 3039 ’

142 3117 194 3188 bri
218 3118 260 3192 ἐν
282 3124 339 3216 τῷ
365 3112 553 3214 στεφάνῳ.
605 3113 694 3190 Hine
720 3114 946 3213 corrigendum
972 3115 1128 3189 arbitror:

249 3253 324 3328 ἀλλ’
352 3255 470 3352 ἔμπας
496 3257 537 3331 ἐν
562 3259 640 3338 τοῖς
665 3250 840 3353 στεφᾶνω
864 3254 913 3330 τὰ
926 3262 1052 3356 πρᾶτα
1074 3254 1253 3357 λέγονται.

144 3389 324 3464 Notissima
354 3390 477 3464 leontio
510 3394 552 3467 ἐν
581 3398 659 3476 τοῖς
689 3401 851 3492 πρῶτοι,
892 3392 932 3465 de
965 3418 1031 3490 qua
1061 3392 1196 3466 Reinius
1220 3392 1256 3464 in

146 3493 225 3566 diss.
252 3494 292 3566 de
316 3493 429 3566 inolin.
456 3518 529 3568 eoo.
556 3520 591 3592 p.
618 3499 678 3570 17.
704 3520 796 3594 seqq.
823 3503 857 3567 et
870 3494 989 3568 ibidem
1004 3494 1160 3587 Wolfius,
1187 3502 1256 3566 tum
1284 3552 1288 3567 .

144 3593 349 3669 Fritzsohius
382 3596 419 3668 in
460 3595 611 3688 Quaestt.
651 3595 794 3670 Lunian.
833 3623 869 3695 p.
906 3601 995 3670 221.
1037 3597 1255 3694 disputarunt.

145 3698 213 3773 Ilio
238 3701 389 3796 quoniam
413 3724 480 3771 non
503 3697 664 3773 infinitum
688 3709 839 3798 πρᾶτα,
873 3699 933 3772 sed
956 3698 1103 3792 finitum,
1121 3697 1256 3796 proma

147 3823 326 3896 coronae,
352 3802 523 3875 dioendnm
548 3810 631 3895 erat,
657 3811 805 3900 apertum
836 3810 886 3876 est
919 3828 979 3877 our
1010 3825 1085 3874 oum
1118 3801 1255 3874 artioulo

148 3902 323 4004 στεφᾶνω
347 3905 395 3981 τᾶ
422 3913 548 4003 πρᾶτα
573 3904 744 3978 dicendum
759 3905 868 3978 fuerit.
895 3903 1139 3997 Quodammodo
1154 3904 1258 3977 simile

148 4016 199 4082 est
231 4009 317 4107 quod
349 4034 368 4081 e
401 4008 540 4104 Dionys.
573 4007 652 4081 llal.
685 4008 726 4081 de
756 4007 863 4082 boen.
897 4011 934 4081 2.
960 4007 1157 4081 attulerunt:
1189 4005 1259 4103 τὴν
1303 4077 1315 4085 ,

132 4110 346 4209 ,διάλεκτον
379 4112 590 4213 ἀκριβοῦσα
625 4114 666 4188 ἐν
696 4117 775 4196 τοῖς
805 4108 907 4189 πάνυ
939 4109 1010 4206 τὴν
1041 4110 1172 4209 κοινὴν
1195 4111 1260 4188 καὶ
1402 4206 1406 4212 ¹

150 4211 446 4312 συνηθεστάτην.
468 4272 470 4277 «

251 4316 297 4441 ll.
326 4321 387 4393 33.
414 4319 464 4394 sio
489 4318 626 4394 editum:
