2978 4884
215 357 277 427 100
568 357 628 420 DE
649 358 971 422 sanonum

214 521 381 596 pissimum
407 543 520 592 rooern
550 518 687 604 σθένος
711 519 853 593 nondum
879 526 1029 592 sanatam
1053 527 1156 592 ratus.
1214 515 1336 617 Neque

146 661 154 689 r
214 624 379 723 Apollinis
403 621 505 694 lilium
530 620 695 695 Pindarus
722 613 899 720 Orpheum
918 623 1020 715 dixit,
1054 645 1160 721 neque
1187 621 1337 698 oouluslit

215 725 402 827 Apollinem
420 749 503 820 ,eum
530 721 678 822 Oeagro,
704 749 803 822 quum
829 725 975 823 scripsit,

317 832 355 913 ἐξ
375 825 615 912 ’Λπόλλωνος
640 826 683 903 δὲ
710 828 919 926 φορμικτὰς
946 824 1084 903 ἀοιδᾶν
1106 826 1230 924 πατὴρ

318 932 449 1028 ἔμολεν
475 930 670 1026 εὐαίνητος
692 928 864 1030 Ὀρφεύς,
1342 980 1345 985 ·

215 1035 286 1129 sed,
312 1043 350 1107 ut
373 1031 567 1106 Ammonius
593 1035 713 1131 aliique
728 1032 1105 1130 grammatioirideruut,
1131 1034 1170 1118 ἐξ
1191 1030 1336 1109 Ἀπόλ-

215 1147 334 1221 λωνος
359 1137 576 1236 φοομικτὰν
601 1137 787 1234 appellavit.

317 1239 385 1332 Qui
410 1240 576 1312 mutilatos
602 1248 637 1312 et
670 1241 842 1312 laounosos
878 1237 1074 1335 seriptornm
1107 1237 1201 1311 looos
1231 1239 1335 1312 resti-

213 1352 307 1417 tuere
332 1343 465 1435 uolunt,
497 1349 574 1415 onte
606 1342 714 1415 omnia
738 1342 773 1412 id
799 1364 916 1414 eurora
950 1341 1088 1435 debent,
1127 1348 1165 1413 ut
1202 1340 1337 1415 rideam
1350 1402 1361 1419 ..

214 1446 293 1544 quid
307 1444 487 1542 oportuerit
498 1443 577 1535 diri,
593 1443 708 1516 deinde
722 1443 757 1516 id
774 1443 933 1540 quomodo
946 1443 1010 1517 diei
1025 1444 1178 1541 potuerit,
1196 1443 1336 1542 deniquo

214 1549 375 1648 quomodo
401 1547 523 1619 dietum
546 1571 619 1619 esse
639 1546 806 1644 probabile
829 1546 884 1616 sit.
917 1542 1026 1619 Aliter
1045 1546 1151 1618 inanis
1165 1546 1335 1619 estomuis

215 1675 317 1750 opera
329 1658 363 1723 ot
376 1649 480 1748 inepti
489 1649 583 1721 lusus
593 1650 698 1722 instar
709 1647 868 1720 habenda.
901 1645 957 1719 De
978 1649 1029 1720 his
1052 1648 1135 1722 adeo
1157 1673 1221 1721 nou
1238 1650 1335 1746 eogi-

214 1766 304 1827 tasse
318 1748 671 1847 videturhl'elolrerus,
686 1758 735 1843 ut,
753 1775 850 1848 quum
864 1745 918 1849 rp'
936 1751 1092 1849 seriptum
1108 1751 1244 1844 uideret,
1260 1758 1335 1845 ste·
1364 1831 1367 1836 ,

72 1934 75 1945 s
215 1856 334 1937 timii
359 1860 575 1954 pro-spemn,
590 1855 772 1952 accipiens,
798 1854 920 1925 nullam
946 1853 1055 1949 quarti
1086 1854 1244 1926 rohonem
1269 1853 1352 1925 ha-'

215 1959 322 2049 beret,
343 1981 446 2063 quem
469 1947 605 2063 propter
626 1952 805 2055 ὅτλοβρλῳ
831 1952 958 2053 νούσῳ
983 1954 1088 2035 obiter
1113 1953 1335 2029 oum-Ialemo
1390 1996 1398 2011 ·

217 2061 429 2134 ooniunotum
455 2081 529 2131 osse
551 2058 689 2154 putavit,
717 2057 778 2130 etsi
803 2057 838 2128 io
863 2080 925 2130 neo
958 2056 1057 2129 uerba
1088 2081 1151 2130 neo
1183 2082 1274 2130 mens
1300 2066 1336 2131 et

218 2148 535 2260 eonsilium'poetao
559 2160 760 2256 permittunt.
805 2157 888 2231 Non
922 2159 1058 2232 multum
1083 2160 1256 2234 dissentire
1282 2160 1336 2233 vi·

218 2264 313 2336 detur
350 2260 642 2353 Solmeideuinus,
680 2261 738 2334 sed
776 2269 885 2334 tamen
925 2261 1010 2349 haud
1050 2263 1160 2360 inepte
1193 2263 1336 2336 oouieoit

215 2359 409 2464 ,ὠμοβόρῳ
435 2360 575 2463 νούσῳ.
624 2361 701 2460 Ego
727 2363 856 2461 quidem
890 2365 952 2438 etsi
984 2365 1063 2436 mihi
1087 2390 1152 2438 non
1177 2365 1211 2438 io
1237 2389 1334 2438 arro·

218 2493 305 2566 gem,
331 2467 450 2540 utillo
474 2467 567 2564 ipsa,
603 2490 685 2565 quae
718 2490 738 2539 a
769 2465 915 2541 Pindaro
948 2469 1071 2566 seripta
1105 2469 1243 2560 fuerint,
1278 2492 1334 2542 rue

219 2595 350 2669 oporam
382 2571 555 2643 restituero
580 2595 692 2668 posse,
730 2571 793 2643 hoo
818 2579 927 2643 tamen
960 2572 1073 2644 videor
1096 2571 1168 2649 iure
1193 2577 1335 2643 eonten-

219 2674 309 2766 dere,
334 2682 465 2771 poetam
490 2674 581 2746 uaria
594 2675 772 2747 oarminurn
787 2697 908 2770 genero
923 2697 1186 2766 commemorare,
1213 2698 1336 2771 quum·

183 2840 185 2844 .
219 2801 282 2874 que
307 2801 449 2876 paeones
475 2783 508 2850 et
533 2776 749 2872 dithyrambos
774 2777 983 2868 nominasset,
1009 2777 1148 2850 transhe
1173 2776 1213 2849 ad
1239 2777 1333 2849 thre-

218 2905 293 2974 nos,
320 2880 435 2978 quibus
460 2879 579 2952 Musae
603 2878 689 2952 fihos
715 2903 792 2953 suos
808 2879 1007 2971 defleverint,
1044 2877 1180 2971 Linum,
1206 2878 1334 2976 Hyme-

219 3006 350 3074 naeum,
374 2979 546 3074 Ialemum,
573 2979 762 3080 Orpheum:
798 3006 933 3080 quorum
959 3007 980 3054 a
1003 2983 1106 3054 trihus
1133 3006 1231 3079 quum
1255 3005 1334 3055 oar-

221 3086 321 3176 mina,
347 3107 431 3181 quae
457 3085 497 3155 ab
522 3085 564 3154 iis
590 3085 721 3157 nomina
746 3093 958 3180 aeceperunt,
985 3086 1141 3181 originem
1168 3084 1334 3176 duxerint,

222 3186 318 3258 simul
350 3186 528 3266 carminum
557 3185 686 3258 illorum
712 3186 852 3282 aliquam
877 3186 995 3258 intexit
1019 3190 1226 3278 memoriam3
1262 3183 1337 3260 Or·-

221 3289 340 3386 pheum
372 3296 502 3378 autom,
539 3286 796 3359 laudatissimum
834 3311 944 3360 eorum
977 3289 1032 3386 qui
1064 3315 1108 3363 ex
1132 3291 1240 3363 Musis
1265 3290 1336 3364 uati

221 3388 451 3488 perhibentur,
493 3412 651 3487 quemque
691 3397 724 3462 et
755 3389 884 3462 flevisse
917 3397 951 3463 et
988 3393 1176 3490 sepelivisse
1218 3393 1337 3466 Musas

222 3501 340 3592 poetae
366 3493 568 3585 oeoiuerunt,
594 3492 657 3564 etsi
682 3491 722 3564 ah
750 3519 789 3566 eo
815 3493 937 3566 nullum
972 3504 1023 3567 ost
1055 3497 1208 3569 carminis
1232 3518 1336 3592 genus

224 3596 498 3694 cognominatum,
518 3596 703 3693 praeterire
727 3621 793 3670 non
817 3598 942 3695 potuit,
976 3599 1215 3697 nominavitque
1243 3605 1337 3669 reote
1455 3664 1463 3680 ,

224 3708 258 3773 et
283 3697 503 3796 significanter
527 3699 641 3771 ultimo
666 3700 761 3792 looo,
787 3710 825 3773 ut
849 3701 998 3772 universe
1031 3702 1162 3774 threnos
1196 3699 1335 3774 cauendi

222 3801 408 3900 primariam
440 3809 476 3873 et
499 3801 699 3899 potissimam
730 3803 949 3875 ooeasionem.
1008 3800 1064 3875 Ea
1096 3805 1124 3876 si
1156 3828 1222 3878 nou
1254 3802 1336 3899 ipsis

222 3913 339 4002 poetae
371 3904 498 3997 uerbis,
537 3905 651 3977 saltem
683 3905 724 3976 iis
758 3905 882 3996 uerbis,
916 3929 999 4001 quae
1033 3914 1066 3978 et
1090 3905 1353 3995 accommodata

223 4007 273 4078 rei
298 4006 374 4098 sint,
401 4015 435 4079 et
455 4030 611 4104 numerus
644 4006 785 4079 habeant
808 4006 935 4081 Dorico
967 4009 1104 4081 oarmiui
1137 4007 1336 4083 conuenien-

223 4116 295 4198 tes,
320 4107 476 4204 integrari
499 4117 666 4207 poterunt
724 4106 841 4207 Itaque
873 4109 924 4184 sio
949 4110 1019 4186 fero
1052 4111 1224 4211 scripsisse
1248 4110 1337 4182 Pin-

122 4222 129 4235 “
227 4209 341 4282 darum
366 4211 486 4284 oredo:

180 4316 225 4389 15
328 4314 406 4389 ἕντι
430 4311 503 4411 μὲν
521 4310 814 4416 χρυσαλακάτου
844 4315 981 4436 τελέων
1004 4319 1160 4407 Λατοῦς
1183 4313 1313 4394 ἀοιδαὶ

601 4693 618 4731 0
