2978 4884
159 336 229 405 222
401 336 464 402 DE
484 333 720 398 VETERVM
740 333 1037 399 GRAECORVM

150 498 336 611 pretereo
360 496 513 569 Ardeae
537 496 581 569 ia
605 494 762 569 aerlr'lm
786 495 921 591 σαυνία,
946 495 1079 597 quibus
1103 495 1281 595 aperilem

158 601 286 675 mutar
311 625 429 700 aeque
455 600 624 673 demmor
649 611 731 672 tam
757 599 871 694 longo
898 624 989 672 aeuo
1006 600 1204 695 dementes,
1230 600 1280 674 r'rr
1419 665 1431 698 ,

159 704 326 778 orbitate
360 703 458 776 teeti
487 703 610 776 aelati
645 713 835 776 recentes:
878 703 1056 777 st'rnilr'ter
1095 703 1275 800 Lorarii,

157 807 228 881 usa·
248 806 438 880 Atalanta
463 817 506 879 et
527 806 678 879 Helena
702 807 910 879 comminus
927 807 1061 906 pictae
1086 817 1175 879 ruat
1199 833 1276 880 aa·

158 911 232 984 dae
257 909 305 982 ab
331 910 460 982 eodem
476 911 642 1004 artefice,
667 921 832 1008 atraque
852 910 1275 1006 eacellentisrrirrafor·

158 1040 236 1109 ma,
263 1014 331 1086 sed
353 1014 481 1086 altera
505 1024 553 1086 at
575 1013 706 1107 uirgo,
739 1038 787 1086 ne
812 1013 938 1086 rurirr‘s
968 1013 1117 1114 quidem
1143 1011 1280 1114 templi

158 1140 377 1192 concussae.
433 1117 546 1189 Caras
563 1117 748 1218 princeps
773 1140 839 1188 eas
865 1117 999 1190 tollere
1016 1127 1178 1197 carratas
1203 1127 1274 1212 est,

157 1221 312 1293 &mitrae
339 1207 542 1315 accensas,
583 1221 620 1291 εἰ
657 1220 814 1293 tectorii
843 1232 989 1292 natura
1023 1220 1275 1321 permisisset.

43 1399 48 1411 ,
157 1324 322 1398 Durarrt
336 1334 377 1396 et
404 1325 536 1417 Caere,
563 1323 801 1422 antiquiores
827 1336 868 1396 et
890 1324 1009 1425 ipsae.
1061 1322 1122 1417 At,
1149 1324 1275 1422 inquiat

157 1429 243 1527 quis,
269 1428 334 1500 hoc
359 1451 425 1500 non
452 1425 619 1500 Graccum
645 1437 696 1500 est
721 1429 917 1526 exemplum.
943 1427 1015 1501 scd
1039 1435 1147 1502 amen
1162 1425 1274 1501 Grac-

156 1556 232 1606 cum
256 1531 358 1602 luisse
384 1528 539 1602 Ardeatis
572 1531 685 1628 templi
720 1532 899 1628 pictorem,
935 1555 1030 1627 quem
1064 1531 1195 1604 civitate
1226 1529 1280 1601 ibi

157 1634 311 1707 donatum
344 1633 425 1706 dicit
462 1632 591 1704 Plinius
621 1631 778 1706 XXXV.
814 1637 875 1708 37.
920 1632 1089 1707 Cleoetam
1129 1632 1273 1725 nomine,

155 1736 320 1835 persuasit
350 1735 514 1809 Rocbctto
546 1733 696 1834 Silligius
729 1737 765 1808 in
798 1733 958 1833 Gatalogo
988 1761 1024 1834 p.
1057 1739 1146 1809 ato.
1179 1760 1274 1834 seqq.

100 1842 105 1857 '
155 1837 270 1912 relicto
296 1839 537 1936 epigrammatis
574 1837 689 1912 Latini
726 1863 843 1933 versu,
877 1839 963 1936 quod
986 1840 1022 1910 in
1046 1839 1119 1936 ipsa
1143 1839 1274 1936 pictura

156 1943 315 2039 scriptum
339 1941 413 2014 luit.
464 1942 549 2014 Mihi
575 1942 703 2038 quidem
729 1943 792 2014 etsi
816 1942 910 2033 valde
935 1951 1087 2038 suspecta
1112 1950 1164 2014 est
1183 1941 1273 2013 illius

67 2046 82 2062 ”
157 2045 367 2117 coniecturae
391 2045 511 2115 veritas
544 2045 579 2114 in
612 2052 703 2116 tanta
728 2044 911 2140 scripturae
937 2044 1167 2135 fluctuatione,
1194 2052 1273 2116 tau·
1340 2048 1353 2075 ⁸

156 2153 227 2219 tum
252 2154 360 2218 minen
385 2146 493 2217 valere
527 2145 746 2218 testimouium
777 2144 858 2217 illud
891 2145 1037 2238 ridetur,
1072 2155 1110 2218 ut
1141 2145 1271 2242 prodat,

156 2247 315 2346 pictorem
346 2247 464 2337 istum,
499 2247 567 2318 sire
602 2236 774 2339 Graccus,
808 2247 876 2318 sive
895 2247 992 2318 ’alius
1024 2248 1164 2320 nationis
1196 2247 1271 2340 luit,

155 2373 222 2421 non
246 2348 392 2447 pinxisse
417 2372 472 2419 res
499 2345 661 2440 Graecas,
687 2348 751 2420 nisi
776 2373 797 2420 a
822 2347 956 2422 Graeco
978 2350 1132 2445 magistro
1158 2349 1272 2421 crudi-

154 2458 237 2524 tum.
302 2449 455 2546 Topiarii
479 2474 556 2522 vcro
581 2451 710 2546 generis
741 2452 879 2548 picturis
913 2452 1027 2525 domos
1062 2451 1147 2548 apud
1184 2450 1273 2535 auti-

156 2553 287 2651 quiores
323 2549 473 2625 Graecos
507 2576 549 2625 ne
583 2562 758 2626 exornatas
784 2563 955 2651 putemus,
994 2553 1122 2626 Plinius
1148 2553 1271 2645 obstat,

156 2653 393 2754 qui‚XXXV.
420 2657 483 2728 37.
509 2655 576 2728 diri
600 2656 729 2728 demum
753 2653 896 2752 Augusti
921 2664 1028 2729 aetate
1050 2657 1190 2753 primum
1215 2656 1273 2726 in-

28 2816 31 2822 .
156 2760 302 2832 stitutum
328 2782 400 2831 csse
425 2781 594 2831 amoenam
617 2760 779 2858 parietum
808 2760 970 2857 picturam
1002 2763 1159 2851 testatur,
1186 2780 1271 2855 quae

154 2862 261 2955 villas,
289 2863 447 2960 porticus,
473 2861 587 2955 lucos,
614 2886 766 2955 nemora,
807 2871 842 2934 et
873 2886 956 2958 quae
989 2862 1054 2933 alia
1085 2860 1271 2933 huiusmodi

88 3022 92 3029 .
155 2965 258 3037 multa
275 2960 461 3056 'enumerat
486 2967 790 3062 repraesentaverit
842 2962 987 3037 Omnino
1013 2973 1121 3036 autem
1154 2987 1271 3036 vercor

78 3128 93 3157 „
155 3091 198 3140 ne
222 3066 324 3138 Plinii
343 3088 480 3140 -screrac
505 3069 609 3141 seculi
634 3093 793 3142 censurae
817 3068 891 3164 plus
918 3091 1014 3163 quam
1039 3067 1211 3164 oportebat
1235 3074 1269 3139 ct

155 3168 364 3263 Boettigerus
388 3169 558 3260 tribuerit,
593 3177 627 3240 ct
659 3171 714 3265 qui
747 3170 779 3242 ci
804 3193 956 3241 assensus
990 3178 1041 3242 est
1073 3168 1268 3243 Rocbettus.

156 3268 282 3345 Scribit
308 3269 393 3341 cuim
417 3268 567 3362 Plinius,
593 3271 650 3341 ubi
673 3271 732 3342 illa
757 3295 841 3368 quae
866 3272 963 3344 modo
994 3272 1208 3344 indicarimus
1232 3271 1269 3343 iu
1403 3315 1406 3320 ·

154 3373 332 3472 parietibus
357 3371 449 3470 pingi
474 3381 592 3469 coepta
616 3373 718 3445 dixit:
758 3373 827 3444 sed
849 3373 958 3446 stalla
979 3373 1112 3468 gloria
1138 3372 1270 3458 artr'fi⁴

154 3501 242 3549 aum
266 3484 326 3546 est
348 3473 429 3546 ruisi
449 3497 582 3547 eorum
606 3475 676 3575 qai
697 3474 1042 3579 tabalarpr'aeere:
1066 3499 1182 3574 eoque
1203 3501 1270 3548 oe-

144 3577 375 3652 'rrelabr‘lr'or
391 3589 559 3677 apparet
581 3579 806 3679 antiquitus.
857 3582 945 3653 Nori
969 3579 1069 3653 euim
1093 3579 1269 3679 parr'eter

155 3680 382 3756 recolebant
402 3681 565 3754 domnis
591 3693 757 3778 tantam,
782 3710 853 3758 aee
878 3685 1007 3756 domos
1032 3706 1109 3756 arro
1128 3682 1172 3754 r'a
1185 3683 1267 3754 loco

155 3785 348 3885 mansuris
374 3809 471 3882 qaae
497 3809 547 3856 ea
571 3785 759 3859 incendiis
782 3787 877 3886 rapi
896 3810 975 3858 aon
996 3797 1165 3886 possent.
1195 3788 1269 3858 Co·

152 3889 238 3962 sula
278 3888 516 3982 Protogenes
554 3901 756 3963 contentas
793 3900 884 3965 erat
917 3890 960 3962 iu
997 3889 1152 3962 bertulo
1186 3911 1269 3963 suo.

152 3992 271 4068 Nulla
294 3991 337 4064 e'a
362 3990 505 4090 Apelles
537 3993 711 4066 teotonis
734 3993 897 4093 pictura
925 3990 1031 4068 erat.
1090 3993 1268 4069 Nondum

154 4092 294 4167 libebat
309 4092 484 4193 parietes
509 4106 610 4169 totos
627 4097 806 4197 pingere.
860 4095 1001 4171 »Omnis
1035 4120 1168 4170 eoram
1200 4117 1269 4168 ars

76 4220 84 4245 ²
110 4196 312 4282 lourbibar
336 4196 560 4289 excubabat,
578 4200 783 4298 pictorque
808 4223 871 4275 res
895 4201 1104 4275 commam'r
1136 4212 1268 4275 terro-

155 4317 244 4374 rum
276 4310 378 4375 erat.
428 4301 514 4376 Visa
535 4303 620 4378 baec
643 4313 720 4378 suut
733 4400 736 4417 ι
751 4305 845 4380 rulo
869 4304 1054 4381 eonirmaii
1087 4305 1138 4378 bis
1164 4302 1268 4377 Gioe·
