2948 4898
749 352 755 363 ·
797 358 849 420 ru
869 358 1068 447 nunnus

531 519 661 607 Fratris
686 530 721 596 et
744 521 846 594 irater
870 527 1061 617 sequeretur
1086 544 1182 594 omen

685 617 945 728 augumumque?

530 797 680 871 Audiuut
702 797 823 869 famam
846 795 962 893 proavi
985 796 1046 868 sub
1073 791 1167 869 Oreo

532 899 693 975 Caesares
717 899 829 996 magui
853 898 1079 997 geminumque
1103 898 1259 992 uinclum,

532 1003 709 1103 Temporis
734 1002 838 1100 prisci
863 1001 984 1075 deeora
1008 1027 1048 1076 ao
1073 1001 1216 1101 potentis

683 1106 803 1180 robora
826 1105 940 1202 regui,

531 1277 609 1353 Vua
634 1303 733 1380 quum
757 1302 877 1352 nomeu
901 1278 980 1352 tube
1004 1279 1208 1353 oouuoeabat

531 1381 641 1459 Omne
668 1381 890 1477 Germanum,
917 1390 951 1456 et
975 1380 1123 1480 galeatus
1146 1382 1216 1459 ibat

531 1486 609 1588 lpse
634 1487 797 1562 oommuui
822 1508 918 1560 sacer
941 1484 1127 1586 Imperator

685 1591 799 1664 obrius
822 1590 923 1683 hosti,

532 1764 768 1864 Rmnoipesque
792 1763 879 1836 inter
904 1762 987 1835 solio
1012 1762 1148 1835 sedebat

530 1867 644 1942 Aureo
668 1868 790 1959 iudex,
816 1862 1032 1963 gravibusque
1057 1889 1203 1938 summus

532 1970 667 2047 Arbiter
691 1969 817 2045 caussis
843 1993 1036 2068 prooermn,
1064 1975 1160 2067 atque
1185 1970 1267 2042 iuris

688 2072 838 2148 eonditor
862 2072 970 2170 aequi.

531 2243 650 2320 Inferis
674 2244 749 2317 illas
775 2243 899 2316 animas
923 2243 959 2316 in
983 2243 1107 2316 umbris

532 2348 643 2422 Altius
668 2348 786 2421 oristas
811 2348 905 2420 rideo
931 2355 1101 2422 comantes

532 2451 668 2526 Tollere
695 2458 729 2524 et
752 2473 914 2548 praesaga
939 2451 1044 2524 oeulis
1068 2450 1196 2523 serenis

563 2635 569 2642 ¹
685 2553 821 2627 lundene
846 2553 964 2625 uerba:
1116 2575 1119 2583 ·

533 2739 660 2838 „Ergo
687 2750 800 2842 aperte
826 2741 860 2814 oli
885 2741 1040 2841 populum
1065 2748 1199 2814 tuentur

532 2845 682 2942 Remque
709 2843 930 2938 Germauam,
957 2844 1072 2918 domus
1098 2868 1164 2918 una
1188 2844 1218 2918 si
1242 2853 1309 2920 stat

531 2945 703 3021 Saxoumn
728 2946 812 3020 binis
837 2946 1039 3047 Bavarisque
1063 2946 1150 3022 binis

685 3050 768 3124 fulta
793 3050 965 3125 columnis.

534 3235 630 3311 Vnde
655 3238 800 3311 uenturis
826 3238 950 3311 orietur
974 3238 1068 3310 aunis

533 3337 680 3438 Signifer
705 3340 831 3437 maguis
856 3341 1021 3414 animosus
1047 3332 1150 3435 ausis,

534 3441 659 3517 Gousili
683 3436 1058 3543 promptus,'rigi‹lique
1081 3445 1202 3520 Mortis

684 3571 763 3620 aner
787 3572 823 3619 m
847 3548 959 3640 armis,
1249 3596 1252 3602 -

532 3733 639 3806 Moris
664 3735 788 3832 antiqui
813 3742 1022 3834 veterumque
1047 3745 1177 3837 patrum

533 3833 670 3910 Gloriae
694 3839 813 3911 uindex
839 3839 939 3912 soniis
964 3841 1025 3914 sub
1050 3858 1116 3915 una

532 3935 627 4038 Lege
654 3939 828 4015 Germanis
854 3949 889 4015 et
913 3942 956 4015 ad
981 3967 1079 4044 aspra
1102 3943 1169 4020 fido

559 4104 562 4109 .
684 4044 816 4118 loedere
841 4044 958 4139 lirmis,

531 4227 678 4324 Regibus
703 4233 787 4305 reoti
812 4234 954 4308 monitor
979 4258 1124 4329 severus,
1174 4267 1181 4281 ¹

535 4325 702 4409 subdolae
727 4335 756 4408 si
782 4336 854 4435 quis
879 4338 966 4414 volet
990 4347 1063 4414 arte
1086 4339 1207 4414 suadas
