2948 4898
384 1698 590 1786 INDEX
623 1693 1116 1789 OPVSCVLORVM.

220 2261 248 2320 1.
291 2253 338 2317 De
358 2254 489 2334 Aeschyli
510 2255 653 2334 Lycurgia
674 2256 836 2316 dissertatio
878 2298 1152 2319 ......
1195 2276 1225 2334 p.
1289 2258 1311 2318 3

218 2372 249 2431 2.
293 2368 424 2448 Epistola
446 2369 484 2426 ad
504 2367 686 2427 Franciscum
706 2367 888 2446 Spitznerum
928 2410 1203 2429 ......
1268 2368 1311 2430 31

219 2483 249 2544 3.
293 2477 340 2540 De
360 2479 625 2557 interpolationibus
647 2479 766 2538 Homeri
787 2478 946 2537 dissertatio
981 2522 1204 2540 .....
1269 2479 1313 2541 52

218 2590 249 2653 4.
292 2589 416 2649 Scholae
438 2589 628 2650 Theocriteae
662 2631 1046 2653 ........
1087 2622 1098 2651 <.
1141 2631 1153 2650 .
1193 2636 1204 2653 .
1269 2587 1313 2652 78

219 2704 250 2766 5.
292 2700 338 2761 De
350 2701 431 2760 Pauli
445 2702 582 2782 epistolae
593 2701 631 2760 ad
644 2683 762 2758 Galatas
773 2699 862 2758 tribus
875 2699 971 2778 primis
985 2699 1122 2778 capitibus
1136 2699 1204 2767 diss.
1250 2701 1313 2764 118

220 2814 249 2877 6.
293 2811 339 2872 Dc
352 2809 484 2890 Aeschyli
498 2810 734 2890 Myrmidonibus,
754 2808 935 2886 Nereidibus,
958 2810 1115 2889 Phrygibus
1137 2811 1204 2875 diss.
1250 2812 1313 2876 136

217 2924 247 2986 7.
291 2922 338 2983 De
359 2923 569 3002 epigrammatis
591 2922 760 3002 quibusdam
781 2922 898 2979 Graecis
921 2922 1080 2981 dissertatio
1141 2964 1153 2984 .
1195 2965 1204 2983 .
1249 2920 1313 2988 164

219 3037 250 3098 8.
293 3033 340 3093 De
360 3035 527 3112 fragmentis
548 3039 699 3114 poetarum
720 3031 750 3091 in
772 3030 883 3091 scholiis
904 3031 1049 3094 Vaticanis
1071 3034 1109 3093 ad
1119 3033 1202 3119 Euri·

324 3145 398 3225 pidia
419 3145 551 3205 Troades
573 3151 603 3204 et
622 3145 750 3205 Rhesum
772 3143 931 3202 dissertatio
980 3184 982 3188 Α
982 3188 1204 3209 .....
1249 3146 1314 3208 182

219 3260 248 3323 9.
291 3256 338 3317 De
359 3263 488 3317 veterum
509 3259 684 3316 Graecomm
704 3257 815 3336 pictura
835 3256 975 3334 parietum
997 3257 1205 3319 coniecturae.
1247 3255 1313 3320 207

201 3371 251 3433 10.
291 3368 339 3428 De
359 3368 534 3430 Bachmanni
554 3368 680 3428 editione
700 3366 898 3445 Lycophronis
929 3407 1205 3432 ......
1247 3368 1313 3430 230

201 3480 251 3542 11.
292 3478 500 3539 Adnotationes
521 3479 561 3538 ad
581 3479 622 3544 lo.
635 3479 724 3538 Henr.
745 3476 910 3538 Neulsirchii
929 3478 1030 3537 librum
1051 3478 1090 3538 de
1109 3477 1206 3537 fabula

325 3596 425 3670 togata
446 3591 639 3652 Romanorum
666 3630 995 3655 .......
1034 3630 1048 3652 ..
1091 3632 1101 3652 .
1143 3630 1155 3651 .
1193 3628 1207 3652 ι
1248 3586 1314 3653 254

202 3702 251 3766 12,
292 3701 435 3781 Excerpta
461 3721 495 3760 ex
524 3720 643 3761 censura
663 3698 760 3766 'Hena
781 3700 882 3780 Raspii
903 3699 1148 3760 commentationis
1170 3699 1209 3758 de

325 3811 475 3892 Eupolidis
492 3805 617 3891 Δήμοις
638 3818 668 3872 et
688 3805 826 3873 Πόλεσιν
879 3849 1206 3875 .......
1249 3810 1314 3876 289

203 3925 252 3989 13.
296 3923 375 3993 Quid
395 3923 432 3982 sit
452 3914 592 4002 inustoii
614 3929 643 3983 et
663 3913 844 4002 inofllridns
875 3964 1205 3986 .......
1247 3924 1314 3986 300

203 4031 251 4099 14.
296 4034 398 4094 Oratio
419 4034 449 4093 in
470 4033 614 4094 creatione
635 4052 679 4092 aa.
691 4033 720 4099 ll.
742 4033 939 4111 magistrorum
961 4038 992 4092 et
1011 4032 1208 4112 philosophiae

232 4231 234 4235 Ι
328 4146 477 4205 doctorum
498 4163 525 4211 a.
547 4163 786 4209 croiacccxxxm.
813 4151 881 4226 post
909 4144 1019 4205 obitum
1039 4144 1108 4211 Chr,
1129 4144 1207 4209 Dan

326 4254 426 4316 Beckii
450 4297 672 4320 .....
712 4288 714 4298 =
715 4298 1205 4320 ..........
1249 4245 1315 4319 312

203 4367 253 4432 15.
296 4367 456 4428 ludicendis
477 4367 615 4446 exsequiis
635 4367 752 4429 Henrici
772 4366 914 4429 Grailielmi
931 4364 1081 4428 Brundesii
1143 4408 1155 4430 .
1196 4409 1207 4430 .
1249 4365 1315 4430 327
1417 4358 1421 4369 “
