2948 4898
367 314 372 333 ‘
435 350 679 417 susurrus
699 354 970 450 srucrnrne.
1195 357 1259 424 usn

174 514 222 589 75
248 537 325 587 narn
350 523 586 615 persequentur
609 539 727 615 usque,
753 540 813 590 seu
837 517 968 615 longam
994 521 1084 617 vagis

122 646 126 654 ·
252 644 313 716 per
339 621 558 693 continentem
584 620 731 693 cursibus
756 621 934 713 iactabere,

248 747 307 793 seu
331 731 467 820 pontum
493 731 526 796 et
550 723 648 795 untes
673 723 792 795 adieris
818 724 1036 798 circumfluas.

248 822 303 897 Ac
328 851 369 899 ne
393 827 532 923 fatigare
557 827 621 899 hoo
645 827 757 898 labore
783 828 960 920 exercitus,

251 929 309 1001 sed
335 929 479 1027 denque
497 930 609 1001 urbem
633 928 780 1001 Palladis
805 952 904 1027 pnnrn
928 926 1070 1023 senens,

173 1035 222 1106 80
249 1032 376 1128 signum
400 1041 563 1106 vetustum
587 1032 729 1105 brachiis
754 1032 971 1132 snpldotitor.

247 1135 322 1210 Illic
346 1138 467 1234 patrati
491 1136 692 1235 reperiemus
701 1127 841 1211 iudices

250 1248 283 1313 et
308 1249 385 1339 apte
411 1260 548 1314 caussae
572 1241 672 1314 torta
695 1240 889 1339 placatoria,
966 1280 967 1283 ι

248 1369 332 1442 quae
357 1352 390 1417 te
415 1344 480 1418 hoc
504 1343 651 1417 labore
641 1365 676 1416 sn
700 1364 796 1419 ontue
821 1353 949 1444 tompus
974 1343 1125 1437 liberent,
1153 1410 1156 1418 .

247 1448 400 1546 quonam
425 1451 459 1520 et
483 1467 602 1522 necare
627 1456 765 1522 snutrein
789 1470 852 1547 ego
876 1450 1024 1523 hortator
1046 1447 1107 1520 fui.

602 1617 808 1695 Orestes.
843 1598 845 1602 ’

174 1758 222 1830 85
250 1757 308 1830 Τιι
333 1759 413 1851 scis,
439 1755 575 1856 Apollo,
600 1758 688 1831 iusta
713 1782 817 1853 necue
841 1759 995 1832 iecerint

251 1887 328 1958 ergo
355 1868 388 1934 et
412 1860 519 1934 videto
545 1862 581 1933 in
604 1868 771 1961 posterum
795 1886 837 1935 ne
862 1862 1026 1958 negligas:

250 1972 283 2037 et
307 1965 417 2037 iacere
443 1971 568 2037 certum
593 1973 651 2038 toa
674 1971 820 2063 potestas
845 1963 963 2065 pignus
988 1971 1051 2039 est.

613 2130 841 2234 Apollo..

248 2274 436 2369 Memento,
463 2264 598 2367 Oresta,
624 2299 667 2346 ne
687 2272 854 2397 opprimat
878 2268 968 2347 snent
968 2264 1020 2346 eni
1044 2271 1152 2347 timor.

251 2377 425 2469 Teucro,
453 2375 558 2449 amice
583 2370 716 2473 sanguis
743 2403 786 2450 ex
811 2402 876 2450 uno
902 2385 1009 2474 patre,
1085 2410 1088 2415 ¹

175 2459 225 2554 90
252 2505 344 2573 cura,
371 2488 476 2572 tuere,
501 2478 666 2572 Mercuri,
690 2504 755 2577 quo
780 2481 889 2554 renus

251 2583 368 2656 doctor
392 2607 521 2669 vocene,
546 2583 634 2655 hunc
658 2583 838 2680 supplicem
865 2606 987 2655 comes·
1001 2604 1120 2652 meum.

249 2685 384 2759 Honore
409 2709 533 2759 sunnmo
559 2685 623 2762 hoe
649 2709 765 2757 munus
792 2692 842 2757 est
867 2683 954 2782 apud
977 2681 1102 2776 Iovem,

250 2789 395 2868 homines
421 2788 559 2885 benigne
583 2810 803 2887 prospereque
828 2808 1040 2886 prosequens.

603 3012 799 3033 *m*-

393 3164 562 3238 Vmbro
592 3163 1034 3260 Clytemreaestrae..

251 3298 440 3378 Donnitis?
467 3305 561 3396 eheu,
587 3328 686 3377 vosne
712 3301 854 3376 dormire
879 3295 1044 3377 addecet?

176 3406 225 3479 95
254 3430 314 3503 ego
339 3406 469 3479 interim
495 3407 544 3480 sic
570 3407 738 3504 despicate
764 3414 797 3480 et
821 3407 952 3504 prodite

252 3509 325 3581 aliis
350 3510 385 3581 in
411 3509 546 3601 umbris,
568 3532 745 3606 numquam
770 3508 812 3580 ab
837 3509 890 3581 iis
914 3532 997 3607 quos
1021 3508 1148 3606 perdidi

252 3612 412 3687 destituor
436 3612 522 3686 iuter
546 3619 692 3686 manuos
718 3611 880 3703 conuicio,
960 3648 962 3653 ·

252 3715 311 3809 sed
336 3716 429 3788 foede
456 3714 583 3787 oberro.
641 3712 730 3786 Dico
757 3738 817 3811 ego
842 3714 907 3787 hoc
930 3713 1034 3807 uobis,
1061 3716 1154 3789 datas

252 3842 386 3891 caussas
411 3818 457 3890 mi
482 3818 523 3890 ab
548 3817 613 3888 illis
639 3817 831 3890 criminandi
856 3815 1027 3888 maximas.

156 3922 228 3994 100
254 3920 343 3992 Tam
370 3922 542 3993 ditavero
567 3943 666 4018 passa
691 3943 752 4016 ego
779 3943 799 3991 a
824 3919 1020 4012 carissimis,

251 4024 360 4095 nullus
385 4025 519 4097 deorum
544 4031 608 4115 est,
634 4022 690 4120 qui
714 4022 965 4117 ultorexsistat
989 4021 1067 4093 mihi

254 4150 315 4224 per
338 4127 526 4200 matricidae
553 4125 797 4215 contrucidatus
821 4149 948 4197 manus.

253 4224 426 4326 Adspicite
450 4228 567 4304 vulnus
592 4228 714 4322 cordis,
737 4226 827 4320 *unde
853 4227 897 4300 sit
916 4225 1018 4300 mini:

253 4332 498 4432 sopitatscnnuo
522 4348 614 4409 inens
636 4331 840 4410 enim-ctare
865 4329 964 4425 sidet
999 4389 1003 4397 .
1033 4342 1044 4394 ἰ
