2948 4898
591 359 840 424 LYCVRGIA
1253 362 1275 424 2

156 519 274 598 Priora
300 521 363 597 duo
390 518 489 595 rerba
513 521 684 596 emendata
709 520 867 599 dederuut
891 521 1037 614 eodiees,
1064 524 1213 598 ultimum
1238 526 1272 598 iu

155 623 267 701 MSS.
293 626 393 700 etiam
410 626 561 720 ,ἔχοντες
586 633 620 698 et
645 627 798 718 ἔχοντας
823 626 995 725 seriptum.
1046 626 1121 719 Quo
1135 628 1272 703 lucilius

155 728 309 823 Μοιιιιίἰ,
333 727 475 820 Barthii,
500 727 615 821 Petiti,
643 728 816 824 Tyrwlritti
839 731 1036 804 coniecturis
1053 754 1166 805 carere
1190 755 1272 829 pos·

156 855 279 906 sumus.
331 829 405 908 Neo
431 833 517 929 quod
543 830 590 906 G.
616 829 788 906 Dindorfio
806 833 912 906 risum
927 841 989 924 est,
1016 831 1171 930 Aeschyli
1195 859 1272 908 uer-

156 935 200 1011 ba
222 934 324 1009 luisse
349 935 438 1032 ὄριῖ
464 934 594 1037 ἔργον
622 937 779 1031 ἔχοντες,
807 961 867 1033 ego
893 944 932 1009 ut
957 937 1089 1012 oredaru
1114 936 1272 1030 adducor,

157 1037 213 1136 qui
236 1037 287 1113 sio
311 1060 426 1136 parum
452 1039 567 1134 dignos
587 1035 758 1136 *Aeschylo
784 1063 936 1115 numeros
971 1039 1107 1114 eradere
1132 1039 1272 1133 uideam,

157 1141 215 1215 sed
239 1141 289 1217 sio
315 1165 390 1217 eum
414 1142 587 1239 seripsisse
612 1142 781 1217 existimo:

361 1293 425 1368 καὶ
451 1295 553 1394 deero
575 1302 704 1395 χεροῖν
732 1289 860 1399 boyer?
889 1295 1043 1390 ἔχοντες.

158 1448 251 1540 Quae
275 1457 468 1545 sequuntur,
493 1448 544 1521 uti
568 1450 664 1545 vulgo
690 1448 893 1544 legebantur,
920 1445 1053 1547 repetiit
1079 1443 1204 1520 Galeus
1230 1447 1273 1519 ad

156 1549 370 1624 lumbhohum
394 1578 430 1650 p.
458 1555 546 1626 227.
597 1549 706 1624 Aliter
738 1552 849 1648 paullo
884 1551 1008 1648 scripta
1041 1551 1131 1621 dedit
1157 1546 1272 1622 Scali-

157 1678 216 1749 ger
247 1654 291 1725 ad
326 1653 448 1727 Catulli
482 1654 724 1752 epithalamium
748 1652 842 1726 Pelei
867 1680 898 1726 v.
927 1657 1016 1727 264.
1084 1651 1271 1724 Emendare

157 1755 280 1828 studuit
303 1754 453 1849 Fiorillo,
481 1758 637 1829 demone
663 1757 777 1829 alienis
803 1781 896 1848 usus,
922 1756 956 1828 in
980 1753 1167 1830 Observatt.
1195 1755 1269 1827 erit.

156 1859 192 1929 iu
223 1853 431 1931 Athenaeum
464 1883 500 1956 p.
527 1863 588 1932 39.
625 1885 695 1955 seq.
749 1858 912 1955 Pleraque
946 1859 1115 1931 emendate
1148 1858 1272 1954 scripta

158 1958 303 2033 exhibuit
327 1960 476 2034 Naekius
508 1961 542 2033 in
575 1959 717 2035 Sehedis
744 1961 867 2034 eritiois
893 1986 928 2061 p.
956 1966 1018 2035 24.
1058 1985 1190 2034 servans
1215 1960 1270 2032 ille

156 2071 266 2135 tamen
291 2072 325 2135 et
350 2064 523 2137 delendeus
549 2062 883 2157 δακτυλύδεικτον,
918 2088 1000 2162 quae
1033 2065 1189 2137 librorum
1221 2071 1272 2135 est

86 2178 87 2182 ’
157 2165 299 2239 omnimn
325 2168 505 2265 scriptura:
533 2168 591 2239 sed
616 2193 712 2266 quem
738 2168 832 2239 allent
857 2165 1110 2263 Agamemnonis
1144 2190 1270 2239 versum

161 2271 272 2342 1341.
298 2268 334 2340 in
359 2294 397 2343 eo
424 2295 489 2344 rou
514 2270 573 2342 issa
595 2296 662 2343 non
687 2294 783 2344 senus
810 2277 907 2368 atque
933 2270 1011 2340 alibi
1044 2295 1118 2341 eunr
1144 2267 1271 2365 signifi-

157 2378 224 2464 eat,
251 2372 319 2468 qui,
345 2381 383 2445 ut
406 2372 537 2446 Horatii
563 2374 669 2447 verbis
695 2381 783 2464 utar,
810 2372 919 2469 digitis
944 2381 1144 2445 monstratur
1169 2396 1269 2469 prae·

156 2475 364 2548 tereuntium.
415 2473 587 2550 Lobeokio
620 2477 662 2548 ad
686 2474 906 2571 Plrryuiehum
937 2501 973 2573 p.
1008 2479 1095 2548 623.
1123 2475 1270 2546 seriben-

158 2575 234 2648 dum
273 2577 442 2651 ridebatur
481 2576 815 2657 heautontimor.
897 2576 1040 2652 Iaoobsii
1080 2578 1270 2676 perelegans

158 2679 347 2752 coniectura
372 2689 423 2756 est
437 2680 473 2755 iu
486 2679 613 2758 Exere.
640 2685 715 2758 erit.
730 2681 762 2757 I.
788 2708 824 2779 p.
843 2684 928 2754 145.
955 2678 1268 2757 δακτυλόθικτον.

158 2778 229 2854 Sed
253 2790 361 2855 tamen
386 2782 491 2856 lenior
517 2793 568 2857 est
591 2810 666 2858 raro
692 2785 799 2858 fehois
814 2783 941 2857 Pauuii
961 2781 1269 2871 δακτυλύδικτον,

118 2921 122 2927 ·
158 2908 309 2982 quonum,
336 2887 399 2957 etsi
423 2886 458 2957 in
483 2912 520 2958 re
536 2887 628 2959 valde
644 2887 803 2978 dissimili,
830 2888 1013 2983 comparari
1038 2894 1157 2985 potest,
1185 2886 1271 2984 quod

157 2987 191 3059 in
226 2982 347 3060 Oreste
380 3014 412 3059 r.
444 2992 553 3064 1470.
586 2991 726 3086 legitur,
760 2992 796 3072 ἐς
830 2985 950 3087 κόμας
983 2988 1025 3065 δὲ·
1060 2986 1270 3074 δακτύλους

157 3087 276 3166 δικῶν
297 3091 482 3190 Ὀρέστας.
532 3090 674 3189 Legitur
707 3089 1022 3186 δακτυλόδικτον,
1057 3094 1116 3165 sed
1147 3118 1269 3192 perpe-

156 3214 226 3264 ram
266 3217 329 3291 pro
362 3191 663 3272 δακτυλόδεκτον
704 3196 883 3293 seriptum,
931 3192 1019 3296 apud
1057 3196 1268 3294 Hesychium.

156 3293 245 3367 Dein
277 3296 392 3368 vitiose
426 3295 599 3371 Strabonis
624 3299 699 3369 libri
720 3301 961 3394 χαλκοθὲοις,
997 3300 1084 3398 quod
1117 3297 1271 3396 Seahger

157 3422 191 3469 ιιι
212 3403 443 3495 χαλκοθοοῖς
468 3401 624 3494 mutabat,
650 3409 781 3474 notatus
813 3402 1009 3476 aPorsono
1041 3403 1077 3475 in
1101 3400 1282 3474 Adversa·¹

157 3499 215 3572 riis
240 3527 275 3598 p.
307 3506 390 3575 122.
442 3502 519 3576 Non
543 3505 734 3577 meminerat
758 3506 808 3578 uir
833 3531 977 3577 eunomus
1003 3503 1186 3595 Athenaei,
1214 3505 1269 3602 qui

157 3600 223 3675 XI.
257 3629 291 3702 p.
318 3608 408 3678 479.
434 3605 477 3678 Β.
513 3606 562 3679 sio
588 3608 720 3680 scribit:
754 3607 819 3683 καὶ
849 3608 899 3684 τὰ
924 3605 1102 3706 κύμβαλα
1129 3606 1170 3682 δ’
1197 3613 1268 3682 At-
1388 3679 1394 3689 .

159 3703 292 3801 σχύλος
317 3711 358 3784 ἐν
378 3708 560 3792 Ἠδωνοῖς
585 3708 745 3796 κοτύλας
772 3716 932 3812 εἴρηκεν·
968 3712 989 3785 ὃ
1025 3708 1067 3784 δὲ
1088 3707 1253 3805 χαλκοδέ
1262 3761 1270 3768 -

157 3837 235 3894 τοις
256 3807 434 3897 ’κοτύλαις
457 3814 594 3910 ὀτοβεῖ.
646 3813 793 3912 Repetiit
812 3816 869 3886 illa
882 3812 1076 3886 Eustathius
1102 3839 1136 3911 p.
1158 3817 1267 3909 1282,

158 3915 220 3985 60.
245 3911 374 3986 fabulae
398 3916 528 3987 nomine
554 3925 587 3988 et
608 3916 627 3992 ὃ
646 3913 688 3990 δὲ
714 3917 854 3989 omissis.
907 3913 1109 3989 Sohohastes
1134 3916 1269 3989 Homeri

99 4017 105 4026 ‘
157 4015 200 4086 ad
231 4013 327 4089 lliad.
363 4016 484 4089 XXII.
520 4023 582 4091 34.
624 4015 793 4095 καθόλου
828 4017 870 4095 δὲ
911 4015 1069 4103 κοτύλας
1110 4018 1268 4095 ἐκάλουν

157 4113 284 4195 πάντα
308 4119 357 4197 ud
383 4127 508 4197 κοῖλα·
535 4120 812 4218 καὶ-Αἰσχύλος
839 4121 1073 4208 ἒνἨδωνοῖς
1097 4123 1146 4198 τὰ
1171 4119 1268 4221 κύμ-

156 4223 277 4317 βαλα·
299 4223 325 4301 δ
353 4223 395 4299 δὲ
417 4224 655 4322 χαλκοδέτοις
680 4222 855 4311 κοτύλαις
870 4226 959 4323 ἠχεῖ.
995 4224 1057 4301 sie
1072 4225 1153 4300 MS.
1179 4223 1267 4298 Ven.

158 4333 191 4397 et
231 4325 335 4401 codex
374 4327 422 4402 Is.
456 4327 586 4403 Vossii:
626 4329 684 4403 sed
722 4326 933 4406 Victorianus
965 4330 1029 4404 leri
1067 4328 1268 4402 aberratione
