2948 4898
493 1203 772 1281 -GRAEGE
812 1204 1025 1282 VERSA

742 1421 799 1469 Ex

211 1579 612 1672 scurnnner
641 1578 1329 1696 wAnnnNsanouoo.

666 1845 860 1858 *—

212 2015 343 2148 Quum
367 2061 443 2127 ante
476 2052 537 2126 nos
561 2052 677 2151 egene
708 2076 811 2128 annos
845 2052 932 2128 ento
964 2052 1001 2124 m
1035 2052 1144 2126 nem
1176 2049 1333 2127 sennes

211 2155 463 2235 Wallanstcinio
487 2157 694 2232 vehementer
717 2163 880 2231 commota
903 2165 1014 2230 essent
1037 2156 1233 2230 nostratium
1258 2162 1334 2230 stu·

211 2257 285 2352 dia,
336 2283 435 2358 saepe
469 2283 521 2332 me
547 2260 657 2335 dicere
687 2260 841 2354 memini,
875 2260 1016 2333 sensisse
1048 2257 1270 2350 Schillerum,
1296 2259 1332 2330 in

211 2363 328 2460 quibus
367 2364 465 2435 rebus
504 2363 613 2460 posita
655 2372 743 2437 essct
781 2371 899 2437 natura
938 2359 1091 2437 Graecae
1129 2361 1331 2458 tragoediae,

211 2465 283 2558 scd,
310 2466 461 2563 quoniam
486 2490 552 2539 non
577 2468 811 2566 perspexisset,
837 2491 903 2541 non
928 2467 1008 2540 satis
1034 2466 1155 2539 vitasse
1180 2465 1260 2536 uitia
1274 2489 1333 2537 re·

211 2568 406 2642 ccntiemm.
457 2567 574 2667 Neque
600 2569 770 2642 exordium
800 2570 930 2662 lacere,
964 2592 1027 2642 nce
1059 2566 1154 2639 finire
1188 2567 1334 2639 tabulam

212 2671 366 2761 scivisse3
393 2672 517 2768 ingenti
541 2696 676 2746 numero
689 2694 903 2770 personarum
916 2669 1155 2744 introducendo
1178 2669 1334 2742 nocuisse

211 2774 414 2873 simplicitati
437 2775 498 2868 illi,
523 2775 559 2847 in
585 2799 649 2873 qua
672 2775 816 2847 maxima
828 2781 1018 2848 cerneretur
1029 2774 1102 2845 laus
1116 2772 1328 2868 tragoediae3

210 2876 313 2949 multa
326 2877 425 2949 etiarn
438 2877 473 2947 in
487 2878 623 2973 singulis
643 2878 790 2975 partibus
805 2877 992 2969 admisisse,
1020 2899 1103 2974 quac
1122 2898 1144 2947 a
1163 2874 1336 3006 gravtitata

211 2978 400 3077 tragoediae
422 2980 519 3077 plane
540 2987 650 3054 essent
668 2981 793 3070 aliena;
813 2986 979 3054 caeterum
993 2978 1133 3077 plurima
1147 3000 1220 3050 esse
1256 2976 1334 3069 alia,

212 3090 262 3174 ut,
289 3083 318 3154 si
332 3080 464 3155 Graece
476 3083 600 3181 scripta
611 3092 732 3176 essent,
747 3081 1019 3179 Gracco-tragico
1037 3106 1103 3154 non
1117 3088 1251 3178 possent
1263 3103 1330 3154 non

212 3185 326 3257 baberi
351 3185 551 3281 dignissima.
603 3184 707 3286 quue
732 3194 770 3259 ut
795 3186 944 3283 exemplo
959 3183 1201 3277 confirmarem,
1226 3184 1334 3257 inter-

184 3352 187 3365 .
213 3287 291 3360 dum
315 3289 464 3385 uesperi,
490 3289 525 3360 in
559 3289 722 3363 communi
756 3289 905 3363 conclavi
936 3289 1078 3361 familiae
1103 3287 1329 3378 obambulans,

214 3391 271 3462 ubi
296 3390 382 3462 inter
408 3392 685 3464 confabulationes
719 3393 889 3465 mulierum
921 3417 987 3464 non
1022 3399 1074 3464 ast
1105 3390 1200 3462 seriis
1230 3389 1329 3462 rebus

213 3493 394 3566 tractandis
418 3494 525 3587 locus,
549 3495 705 3567 nonnulla
738 3492 879 3568 Graecis
910 3495 1057 3566 uersibus
1090 3492 1331 3590 exprimebant

216 3620 297 3693 quas
331 3595 504 3670 schedulas
543 3596 659 3683 deinde
691 3596 806 3671 amicis
838 3596 1028 3696 quibusdam
1058 3594 1146 3668 dedi.
1206 3591 1333 3666 Earum

161 3760 491 3871 ψ’*-

301 3893 330 3973 *)
350 3890 449 3951 Edidit
468 3891 540 3951 haec
560 3892 681 3969 primum
702 3892 750 3952 Fr.
772 3890 954 3952 Thierschius
974 3891 1004 3948 in
1025 3886 1102 3949 Actis
1120 3886 1329 3968 philologomm

215 3977 429 4039 Monacensium
458 3983 518 4035 tom
546 3977 596 4042 lll.
619 3979 689 4043 fasc.
712 3980 741 4042 1.
770 3997 834 4037 cum
855 3983 938 4057 purte
965 3975 1103 4054 epistolae
1129 3975 1167 4033 ad
1193 3992 1225 4032 se
1251 3991 1333 4032 meae

216 4066 339 4144 scriptae
360 4083 386 4127 a.
410 4064 504 4128 1820.
526 4079 611 4141 quam
632 4065 678 4123 hic
698 4064 883 4142 repetendam
905 4063 979 4120 duxi.
1022 4061 1066 4119 Ex
1084 4058 1162 4120 dctis
1175 4059 1332 4118 Monacen-

216 4150 293 4208 sibua
315 4169 363 4208 eas
383 4149 631 4226 interpretationes
651 4150 827 4228 repndendas
855 4149 961 4207 curavit
982 4148 1084 4208 Franc.
1114 4145 1246 4204 Giillerus
1273 4145 1331 4202 Co-

216 4235 311 4294 loniae
333 4235 371 4293 ad
391 4234 522 4293 Rhenum
543 4254 569 4293 a.
593 4236 687 4300 1825.
709 4237 739 4293 in
759 4235 855 4293 libello
877 4253 962 4312 quem
974 4232 1128 4311 inscripsit:
1150 4223 1331 4312 Μεταφρά-

218 4338 290 4394 σεις.
313 4320 527 4399 Ssmmlung
546 4338 615 4381 von
636 4314 973 4399 Uebersetnungen
992 4320 1048 4377 ins
1070 4315 1330 4380 Griechische.

1055 4401 1126 4476 Z2
