2948 4898
615 345 815 412 nomnnr.
869 390 898 429 „
1121 384 1124 389 -
1228 347 1273 416 re

159 504 245 580 undo
269 511 362 582 twa
386 504 549 583 exstiterit
573 506 719 600 claritas,
752 507 783 581 si
807 508 894 583 hunc
918 507 1057 607 primum
1080 507 1182 583 fnisse
1205 535 1273 611 pn·

157 607 312 702 labimus,
336 609 393 706 qni
417 609 545 707 poesin,
571 609 664 683 cuius
689 611 931 707 antiquissimos
952 619 1103 685 auctores
1118 623 1273 688 constans
1374 649 1376 656 ¹

159 709 248 784 lama
272 717 329 793 ast
348 709 434 785 ritae
458 711 623 808 regundae
647 720 825 810 praecepta
849 713 995 787 versibus
1019 713 1204 812 tradidisse,
1230 717 1272 790 ah

158 811 377 911 aequabiliore
401 813 460 886 illo
485 823 520 890 et
542 814 728 889 remissiore
749 838 790 888 ac
815 838 913 914 saepe
936 815 1139 912 languidiore
1164 817 1273 894 officio

158 915 208 993 ad,
233 913 437 988 alacritatem
468 916 601 990 fortium
631 914 793 991 factorum
832 925 867 992 et
891 916 1054 999 deruidam
1084 921 1274 998 uariemtem

157 1040 268 1090 rerum
291 1017 500 1112 bellicarum,
533 1019 631 1092 nullis
663 1018 840 1115 imaginum
870 1018 960 1092 aliud
996 1044 1092 1119 quam
1125 1022 1274 1097 ridentur

157 1117 410 1216 significantium
432 1120 609 1194 involucris
634 1121 851 1215 occultatam,
875 1123 968 1196 clara
991 1123 1028 1196 in
1051 1123 1126 1197 lnce
1151 1149 1273 1200 secun-

119 1229 122 1236 “
158 1221 236 1311 dum
259 1247 369 1295 rernm
392 1224 562 1296 veritatem
587 1231 663 1296 ante
689 1225 802 1298 oculos
827 1225 1025 1297 audientium
1039 1225 1131 1298 uberi
1156 1236 1191 1301 el
1214 1253 1273 1302 ra·

157 1324 235 1423 pido
259 1325 392 1397 flumine
418 1325 574 1399 orationis
608 1326 792 1400 adduxerit·
816 1325 884 1421 „ld
909 1327 940 1399 si
971 1328 1163 1422 statuimus,
1196 1329 1273 1429 11⁰„-

158 1427 241 1501 meri
263 1451 383 1500 nomen
406 1428 590 1501 universam
614 1426 865 1528 comprehendet
884 1430 1000 1527 poesin
1014 1429 1192 1526 heroicam,
1216 1432 1274 1506 in·
1410 1444 1415 1453 ’
1451 1438 1456 1449 ’

158 1529 398 1628 talligetnrqne,
424 1531 606 1628 quomodo,
632 1533 688 1630 qni
719 1532 917 1630 patefactam
950 1533 991 1605 alr
1015 1533 1074 1606 illo
1108 1534 1192 1609 riam
1216 1534 1273 1609 in·

156 1633 272 1730 gressi
286 1641 382 1726 sunt,
414 1641 453 1706 nt
485 1642 665 1708 sectatores
690 1635 782 1728 eins,
815 1634 928 1708 eodem
958 1635 1026 1709 sint
1056 1638 1186 1712 nomine
1210 1663 1273 1739 ap·

157 1734 282 1832 pellati.
333 1734 407 1809 Nec
431 1737 579 1834 prolecto
600 1735 691 1810 alind
725 1745 788 1831 est,
815 1737 902 1838 qnod
927 1735 1165 1837 Aristophanes
1191 1741 1275 1818 dixit

128 1880 132 1888 ’
157 1837 193 1912 in
216 1837 321 1914 Rassdfl
346 1862 379 1912 V·
409 1841 519 1914 1032·
782 1880 786 1899 ¹

131 1988 133 2011 ¹
258 1989 419 2092 Ὀρφεὺς
442 1989 514 2091 μέν
538 1989 614 2097 γὰρ
640 1989 786 2078 τελετάς
811 1992 853 2069 θ’
878 1991 971 2093 ἡμῖν
995 1993 1177 2083 κατέδειξε
1197 1993 1319 2098 god-21

769 2125 851 2174 κων
874 2099 906 2173 τ’
934 2098 1154 2196 ἀπέχεσθαι,
1444 2125 1449 2131 ·

262 2201 463 2284 Μουσαῖος
488 2197 514 2275 d
518 2199 529 2228 ³
556 2200 735 2286 ἐξακέσεις
766 2195 1047 2380 εἷΙκόὲακὸκαὶ
1067 2202 1273 2304 χρησμούς,

813 2328 871 2379 ooo
899 2333 939 2388 ος
990 2337 1007 2381 ε

262 2406 331 2505 γῆς
347 2401 533 2508 ἐργασίας,
558 2391 717 2506 καρπῶν
732 2404 845 2503 ὥρας,
873 2402 1052 2508 ἀρότους·
1079 2406 1157 2485 ddi
1169 2413 1274 2496 θεῖος

760 2511 810 2588 Ὅ
887 2539 927 2595 ος

264 2610 338 2686 ἀπὸ
363 2619 432 2688 τοῦ
457 2609 570 2727 toppo
594 2610 659 2688 καὶ
683 2613 785 2698 κλέος
808 2539 1039 2710 ζέέιῖεκικλὴκ
1063 2613 1189 2719 uohd',
1215 2613 1274 2690 ὅτι
1359 2615 1360 2618 ’

768 2713 872 2814 aad?
900 2694 1082 2830 echome,

264 2813 395 2906 τάξεις,
423 2814 571 2918 ἀρετάς,
598 2815 759 2903 ὁπλίσεις
786 2817 962 2919 dodorim

160 2968 223 3043 llla
248 2970 348 3067 igitur
372 2969 402 3042 si
427 2970 567 3068 primum
591 2970 715 3045 heroici
741 2971 894 3045 carminis
919 2969 1085 3069 specimen
1110 2969 1199 3044 dedit
1223 2971 1274 3044 ira

161 3071 301 3147 Achillis
327 3082 361 3147 et
385 3071 496 3146 Vlixis
521 3073 629 3146 reditu
654 3074 895 3168 describendis,
921 3081 1037 3173 sponte
1069 3073 1272 3171 intelligitur,
1374 3103 1375 3106 ¹

161 3202 264 3252 norae
289 3177 411 3278 speciei
437 3177 606 3250 dudcedinc
639 3186 774 3276 captos,
818 3178 874 3276 qni
906 3185 1057 3276 poemata
1088 3177 1146 3249 illa
1176 3177 1273 3249 andi-

161 3291 247 3377 rent,
273 3283 386 3356 satiari
410 3281 569 3354 audiendo
604 3306 670 3354 nun
695 3282 863 3379 potuisse,
895 3281 1079 3376 missisque·
1102 3279 1273 3355 didacticis

162 3388 268 3486 poetis
299 3386 419 3458 nullius
451 3383 515 3456 nisi
547 3382 684 3456 llcmeri
717 3384 863 3457 carmina
894 3384 1101 3481 appetivisse.
1167 3382 1274 3474 Quem

163 3515 262 3588 quum
295 3489 354 3560 ille
386 3488 450 3560 dno
483 3494 674 3583 argumenta
712 3486 859 3559 versibus
892 3509 1061 3557 enarrasse
1095 3491 1272 3576 constaret,

161 3593 259 3666 facile
282 3591 405 3666 coniici
428 3596 549 3688 potest,
575 3595 690 3686 poetas
715 3587 811 3680 alios,
838 3587 894 3684 qni
917 3588 1049 3685 placere
1075 3585 1276 3659 auditoribus
1412 3666 1415 3672 J

163 3696 294 3788 uellent,
322 3702 355 3767 et
379 3694 436 3765 illu
461 3692 606 3764 carmina
630 3691 816 3763 memoriter
840 3689 1015 3781 didicisse,
1041 3695 1074 3760 et
1093 3687 1134 3771 ‚iu
1157 3687 1274 3760 fisdem
1339 3714 1358 3733 ··
1452 3712 1455 3729 ·

163 3798 260 3871 rebus
286 3796 451 3888 ornandis,
476 3792 652 3885 uenandis,
678 3792 913 3891 amplificandis
947 3789 1143 3887 aliquamdiu
1173 3789 1275 3864 luisse

164 3908 356 3999 occupatos,
382 3897 429 3971 ita
454 3903 491 3968 ut
514 3903 643 3993 postea,
678 3913 722 3967 ex
746 3896 811 3989 illis
845 3893 1026 3992 rhapsodiis
1057 3893 1133 3964 dno·
1155 3900 1275 3990 potue·

163 4005 231 4077 rint
254 4004 402 4100 longiora
426 4000 571 4073 carmina
603 3997 748 4071 conteri.
811 3997 886 4089 Quo
920 3993 1015 4068 modo
1047 3996 1076 4066 si
1108 3996 1275 4093 paullatim

164 4106 291 4181 exstitit
315 4126 433 4198 magna
458 4103 506 4174 vis
532 4101 723 4193 carminum,
750 4123 833 4197 qnae
858 4105 992 4198 propter
1023 4121 1192 4186 commuue
1218 4123 1276 4172 ar-
1327 4144 1329 4148 -

163 4217 352 4306 gumentnm
376 4204 513 4297 Homeri
545 4229 662 4277 nomen
686 4204 822 4295 ferrent,
850 4201 995 4276 videmur
1008 4200 1170 4281 invenisse
1187 4203 1275 4302 qnod

165 4301 417 4410 quaerehamus,
435 4306 571 4381 Iliadem
602 4307 742 4406 aliquam
777 4314 874 4405 atque
908 4301 1109 4403 Odysseam,
1142 4330 1208 4385 non
1233 4304 1273 4377 ab
