2948 4898
343 1265 435 1355 DE
466 1260 786 1355 AESCHYLI
815 1259 1149 1353 LYCVRGIA
1308 1277 1329 1344 3

403 1458 405 1464 ·
485 1410 488 1419 ’
546 1453 939 1551 υιεεΕΒΤΑτιο*).

653 1701 827 1714 -a--ae---m

72 1878 76 1891 ’
189 1849 284 1961 Nec
309 1893 431 1960 temero
456 1884 680 1958 bariolaudnm
712 1895 764 1958 ost
796 1887 832 1958 in
865 1885 1067 1981 antiquitatis
1099 1887 1305 1983 pervestiga-

188 1989 300 2082 tione,
344 2011 451 2084 neque
489 2012 602 2061 carere
647 1987 853 2061 divinationis
892 1988 1077 2060 adiumento
1116 2013 1303 2086 possumus.

189 2091 300 2184 Quare
326 2090 522 2182 curandum,
564 2098 622 2184 ut,
665 2093 721 2162 nbi
754 2091 832 2188 qnid
866 2090 1079 2163 coniectando
1112 2091 1302 2165 sumendum

83 2261 90 2275 ,
188 2200 251 2286 est,
277 2194 312 2266 id
337 2201 394 2266 eut
419 2201 638 2289 consequatur
648 2194 808 2292 probabili
830 2194 969 2292 quodam
990 2193 1087 2267 modo
1102 2218 1145 2266 cx
1161 2195 1202 2266 iis
1218 2218 1303 2292 quae

187 2304 280 2377 corta
312 2305 409 2388 suut,
444 2304 502 2367 aut
527 2320 695 2390 caussam,
728 2297 814 2368 unde
847 2295 1006 2394 explicari
1039 2320 1079 2367 ea
1112 2297 1153 2368 de
1186 2299 1302 2394 quibus

81 2488 83 2493 Ι
188 2406 318 2472 condat
341 2399 490 2497 possint,
523 2400 689 2472 contineat
717 2400 879 2471 idoneam.
939 2397 1016 2470 Hoc
1040 2397 1097 2496 qni
1122 2400 1300 2496 negligunt,

120 2545 123 2550 -
186 2503 313 2575 somnia
336 2501 474 2598 fingunt,
500 2525 637 2598 qnorum
661 2526 767 2599 neque
792 2503 915 2574 utilitas
940 2501 1029 2594 nlla,
1055 2510 1089 2573 ct
1113 2526 1212 2600 saepe
1236 2526 1304 2575 non

186 2605 267 2677 leuis
292 2628 380 2677 nona
404 2612 474 2696 est,
510 2605 539 2678 si
569 2629 631 2703 pro
664 2607 749 2678 veris
773 2605 884 2677 habita
907 2605 1026 2676 iustam
1050 2622 1160 2677 rerum
1185 2605 1303 2702 cogni-

97 2711 104 2717 ’
186 2707 308 2780 tionem
331 2707 523 2805 perturbant
548 2714 646 2804 atque
671 2716 893 2805 corrumpunt.
945 2705 1046 2779 Nullo
1069 2707 1104 2778 in
1122 2731 1242 2804 genere
1266 2707 1303 2780 id

187 2810 317 2908 saepius
339 2817 373 2882 ct
396 2809 525 2882 facilius
551 2810 679 2882 evenire
704 2811 869 2902 videmus,
904 2832 1000 2906 qnam
1025 2810 1060 2880 in
1084 2810 1125 2881 iis
1152 2811 1302 2908 disputa-

185 2912 340 3005 tionibus,
367 2935 449 3008 quae
481 2919 558 2984 sunt
588 2912 628 2984 de
661 2913 793 3010 scriptis
826 2938 962 3009 quorum
993 2936 1120 3009 paucae
1153 2921 1301 2985 servatae

133 3074 140 3101 ,
184 3024 262 3088 sunt
285 3016 454 3114 reliquiae.
515 3015 663 3108 Quorum
697 3039 794 3113 quum
826 3039 924 3112 saepe
949 3014 1005 3087 vix
1031 3015 1070 3087 de
1096 3022 1299 3112 argumento,

184 3119 304 3191 nedum
319 3118 361 3190 de
378 3117 525 3214 partibus
539 3119 720 3215 argumenti
740 3119 928 3216 rationeque
950 3140 1014 3216 qua
1033 3125 1193 3190 tractatae
1207 3126 1301 3190 erant

184 3219 306 3317 aliquid
331 3229 532 3320 compertum
557 3221 744 3313 habeamus,
770 3223 850 3292 nibil
874 3222 1034 3317 reliquum
1060 3229 1111 3293 est
1136 3245 1231 3317 quam
1256 3219 1299 3294 ed

183 3325 392 3396 coniecturas
418 3323 606 3420 coningere,
634 3348 714 3420 quas
739 3333 831 3422 patet
855 3348 951 3422 qnam
963 3323 1107 3395 lubricas
1133 3347 1232 3420 saepe
1257 3344 1298 3395 ao

186 3424 299 3497 dubias
325 3450 397 3497 esse
424 3434 593 3522 oporteat,
620 3429 649 3497 si
673 3428 800 3519 fontes,
834 3451 877 3498 ex
910 3427 1025 3524 quibus
1056 3426 1125 3523 peti
1155 3423 1297 3523 possint,

184 3527 236 3600 vel
260 3527 342 3600 nulli
373 3528 597 3628 reperiantur,
632 3528 683 3601 vel
715 3554 830 3631 parum
862 3530 990 3626 limpidi
1020 3529 1105 3620 sint,
1138 3529 1190 3598 vel
1216 3527 1298 3600 adeo

184 3631 344 3705 reconditi
367 3632 510 3723 lateant,
536 3639 575 3704 ut
600 3630 798 3729 diligentiam
830 3631 957 3728 fugiant
989 3632 1088 3704 etiam
1119 3629 1298 3702 solertissi-

183 3757 282 3808 mam.
333 3732 424 3806 Nibil
449 3734 564 3806 borum
590 3744 651 3830 ost,
679 3735 765 3833 quod
790 3759 856 3808 non
887 3735 1037 3831 exemplo
1070 3732 1299 3831 comprobetur

182 3861 236 3931 ao,
262 3836 393 3934 dequo
425 3837 488 3910 bae
519 3837 555 3908 in
587 3839 764 3937 scriptione
797 3838 907 3911 dicere
938 3838 1066 3909 animus
1097 3844 1159 3908 ost.
1210 3834 1298 3908 Nam

59 3938 63 3969 ¹
183 3963 282 4037 quum
306 3938 543 4114 Aristophanes
560 3940 596 4012 in
613 3937 739 4013 Avibus
764 3942 959 4014 mentionem
983 3939 1117 4013 iecisset
1141 3935 1297 4035 Aeschyli
1347 3990 1351 3995 -

181 4039 387 4142 Lycurgibe,
447 4066 651 4142 yourgusquo
674 4043 785 4116 fabula
810 4044 850 4116 ab
875 4044 999 4141 aliquot
1031 4051 1119 4117 essct
1151 4043 1296 4141 scripto·

266 4350 299 4426 *)
320 4350 406 4411 Edita
428 4359 472 4412 est
493 4371 531 4419 m.
553 4353 639 4415 Febr.
661 4373 687 4417 a.
709 4354 801 4419 1831.
1012 4437 1044 4508 A
1062 4443 1085 4510 ²
